%YAML 1.1
%TAG !u! tag:unity3d.com,2011:
--- !u!1 &743532727322809467
GameObject:
  m_ObjectHideFlags: 0
  m_CorrespondingSourceObject: {fileID: 0}
  m_PrefabInstance: {fileID: 0}
  m_PrefabAsset: {fileID: 0}
  serializedVersion: 6
  m_Component:
  - component: {fileID: 743532727322809412}
  - component: {fileID: 743532727322809413}
  - component: {fileID: 743532727322809466}
  - component: {fileID: 743532727322809415}
  - component: {fileID: 743532727322809414}
  m_Layer: 0
  m_Name: LaserBlueNew
  m_TagString: Untagged
  m_Icon: {fileID: 0}
  m_NavMeshLayer: 0
  m_StaticEditorFlags: 0
  m_IsActive: 1
--- !u!4 &743532727322809412
Transform:
  m_ObjectHideFlags: 0
  m_CorrespondingSourceObject: {fileID: 0}
  m_PrefabInstance: {fileID: 0}
  m_PrefabAsset: {fileID: 0}
  m_GameObject: {fileID: 743532727322809467}
  m_LocalRotation: {x: 0, y: 0, z: 0, w: 1}
  m_LocalPosition: {x: 0, y: 0, z: 0}
  m_LocalScale: {x: 1, y: 1, z: 1}
  m_Children:
  - {fileID: 348386729490376170}
  m_Father: {fileID: 0}
  m_RootOrder: 0
  m_LocalEulerAnglesHint: {x: 0, y: 0, z: 0}
--- !u!114 &743532727322809413
MonoBehaviour:
  m_ObjectHideFlags: 0
  m_CorrespondingSourceObject: {fileID: 0}
  m_PrefabInstance: {fileID: 0}
  m_PrefabAsset: {fileID: 0}
  m_GameObject: {fileID: 743532727322809467}
  m_Enabled: 1
  m_EditorHideFlags: 0
  m_Script: {fileID: 11500000, guid: 85df84305ceecc84c8084f09be03186e, type: 3}
  m_Name: 
  m_EditorClassIdentifier: 
  speed: 5
--- !u!54 &743532727322809466
Rigidbody:
  m_ObjectHideFlags: 0
  m_CorrespondingSourceObject: {fileID: 0}
  m_PrefabInstance: {fileID: 0}
  m_PrefabAsset: {fileID: 0}
  m_GameObject: {fileID: 743532727322809467}
  serializedVersion: 2
  m_Mass: 1
  m_Drag: 0
  m_AngularDrag: 0.05
  m_UseGravity: 0
  m_IsKinematic: 1
  m_Interpolate: 0
  m_Constraints: 0
  m_CollisionDetection: 0
--- !u!65 &743532727322809415
BoxCollider:
  m_ObjectHideFlags: 0
  m_CorrespondingSourceObject: {fileID: 0}
  m_PrefabInstance: {fileID: 0}
  m_PrefabAsset: {fileID: 0}
  m_GameObject: {fileID: 743532727322809467}
  m_Material: {fileID: 0}
  m_IsTrigger: 0
  m_Enabled: 1
  serializedVersion: 2
  m_Size: {x: 1, y: 0.4980278, z: 0.17}
  m_Center: {x: 0, y: 0, z: 0}
--- !u!65 &743532727322809414
BoxCollider:
  m_ObjectHideFlags: 0
  m_CorrespondingSourceObject: {fileID: 0}
  m_PrefabInstance: {fileID: 0}
  m_PrefabAsset: {fileID: 0}
  m_GameObject: {fileID: 743532727322809467}
  m_Material: {fileID: 0}
  m_IsTrigger: 1
  m_Enabled: 1
  serializedVersion: 2
  m_Size: {x: -0.28, y: 0.4980278, z: -0.28}
  m_Center: {x: 0.68, y: 0, z: 0.01}
--- !u!1 &853910042185187716
GameObject:
  m_ObjectHideFlags: 0
  m_CorrespondingSourceObject: {fileID: 0}
  m_PrefabInstance: {fileID: 0}
  m_PrefabAsset: {fileID: 0}
  serializedVersion: 6
  m_Component:
  - component: {fileID: 348386729490376170}
  - component: {fileID: 3580736943193303188}
  - component: {fileID: 1505436431120093622}
  - component: {fileID: 538215372174351220}
  m_Layer: 0
  m_Name: Mesh
  m_TagString: Untagged
  m_Icon: {fileID: 0}
  m_NavMeshLayer: 0
  m_StaticEditorFlags: 0
  m_IsActive: 1
--- !u!4 &348386729490376170
Transform:
  m_ObjectHideFlags: 0
  m_CorrespondingSourceObject: {fileID: 0}
  m_PrefabInstance: {fileID: 0}
  m_PrefabAsset: {fileID: 0}
  m_GameObject: {fileID: 853910042185187716}
  m_LocalRotation: {x: 0.000000029802326, y: 0.70710677, z: -0.70710677, w: -0.000000029802326}
  m_LocalPosition: {x: 0, y: 0, z: 0}
  m_LocalScale: {x: 1, y: 1, z: 1}
  m_Children: []
  m_Father: {fileID: 743532727322809412}
  m_RootOrder: 0
  m_LocalEulerAnglesHint: {x: 90.00001, y: 90, z: -90.00001}
--- !u!33 &3580736943193303188
MeshFilter:
  m_ObjectHideFlags: 0
  m_CorrespondingSourceObject: {fileID: 0}
  m_PrefabInstance: {fileID: 0}
  m_PrefabAsset: {fileID: 0}
  m_GameObject: {fileID: 853910042185187716}
  m_Mesh: {fileID: 0}
--- !u!23 &1505436431120093622
MeshRenderer:
  m_ObjectHideFlags: 0
  m_CorrespondingSourceObject: {fileID: 0}
  m_PrefabInstance: {fileID: 0}
  m_PrefabAsset: {fileID: 0}
  m_GameObject: {fileID: 853910042185187716}
  m_Enabled: 1
  m_CastShadows: 1
  m_ReceiveShadows: 1
  m_DynamicOccludee: 1
  m_MotionVectors: 1
  m_LightProbeUsage: 1
  m_ReflectionProbeUsage: 1
  m_RayTracingMode: 2
  m_RenderingLayerMask: 1
  m_RendererPriority: 0
  m_Materials:
  - {fileID: 2100000, guid: cd0bc9e703f54db46897140be3e3e864, type: 2}
  m_StaticBatchInfo:
    firstSubMesh: 0
    subMeshCount: 0
  m_StaticBatchRoot: {fileID: 0}
  m_ProbeAnchor: {fileID: 0}
  m_LightProbeVolumeOverride: {fileID: 0}
  m_ScaleInLightmap: 1
  m_ReceiveGI: 1
  m_PreserveUVs: 0
  m_IgnoreNormalsForChartDetection: 0
  m_ImportantGI: 0
  m_StitchLightmapSeams: 1
  m_SelectedEditorRenderState: 2
  m_MinimumChartSize: 4
  m_AutoUVMaxDistance: 0.5
  m_AutoUVMaxAngle: 89
  m_LightmapParameters: {fileID: 0}
  m_SortingLayerID: 0
  m_SortingLayer: 0
  m_SortingOrder: 0
--- !u!114 &538215372174351220
MonoBehaviour:
  m_ObjectHideFlags: 0
  m_CorrespondingSourceObject: {fileID: 0}
  m_PrefabInstance: {fileID: 0}
  m_PrefabAsset: {fileID: 0}
  m_GameObject: {fileID: 853910042185187716}
  m_Enabled: 1
  m_EditorHideFlags: 0
  m_Script: {fileID: 11500000, guid: 8233d90336aea43098adf6dbabd606a2, type: 3}
  m_Name: 
  m_EditorClassIdentifier: 
  m_MeshFormatVersion: 1
  m_Faces:
  - m_Indexes: 000000000100000002000000
    m_SmoothingGroup: 1
    m_Uv:
      m_UseWorldSpace: 0
      m_FlipU: 0
      m_FlipV: 0
      m_SwapUV: 0
      m_Fill: 1
      m_Scale: {x: 1, y: 1}
      m_Offset: {x: 0, y: 0}
      m_Rotation: 0
      m_Anchor: 9
    m_Material: {fileID: 0}
    m_SubmeshIndex: 0
    m_ManualUV: 1
    elementGroup: -1
    m_TextureGroup: -1
  - m_Indexes: 030000000400000005000000
    m_SmoothingGroup: 1
    m_Uv:
      m_UseWorldSpace: 0
      m_FlipU: 0
      m_FlipV: 0
      m_SwapUV: 0
      m_Fill: 1
      m_Scale: {x: 1, y: 1}
      m_Offset: {x: 0, y: 0}
      m_Rotation: 0
      m_Anchor: 9
    m_Material: {fileID: 0}
    m_SubmeshIndex: 0
    m_ManualUV: 1
    elementGroup: -1
    m_TextureGroup: -1
  - m_Indexes: 060000000700000008000000
    m_SmoothingGroup: 2
    m_Uv:
      m_UseWorldSpace: 0
      m_FlipU: 0
      m_FlipV: 0
      m_SwapUV: 0
      m_Fill: 1
      m_Scale: {x: 1, y: 1}
      m_Offset: {x: 0, y: 0}
      m_Rotation: 0
      m_Anchor: 9
    m_Material: {fileID: 0}
    m_SubmeshIndex: 0
    m_ManualUV: 1
    elementGroup: -1
    m_TextureGroup: -1
  - m_Indexes: 090000000a0000000b000000
    m_SmoothingGroup: 2
    m_Uv:
      m_UseWorldSpace: 0
      m_FlipU: 0
      m_FlipV: 0
      m_SwapUV: 0
      m_Fill: 1
      m_Scale: {x: 1, y: 1}
      m_Offset: {x: 0, y: 0}
      m_Rotation: 0
      m_Anchor: 9
    m_Material: {fileID: 0}
    m_SubmeshIndex: 0
    m_ManualUV: 1
    elementGroup: -1
    m_TextureGroup: -1
  - m_Indexes: 0c0000000d0000000e000000
    m_SmoothingGroup: 3
    m_Uv:
      m_UseWorldSpace: 0
      m_FlipU: 0
      m_FlipV: 0
      m_SwapUV: 0
      m_Fill: 1
      m_Scale: {x: 1, y: 1}
      m_Offset: {x: 0, y: 0}
      m_Rotation: 0
      m_Anchor: 9
    m_Material: {fileID: 0}
    m_SubmeshIndex: 0
    m_ManualUV: 1
    elementGroup: -1
    m_TextureGroup: -1
  - m_Indexes: 0f0000001000000011000000
    m_SmoothingGroup: 3
    m_Uv:
      m_UseWorldSpace: 0
      m_FlipU: 0
      m_FlipV: 0
      m_SwapUV: 0
      m_Fill: 1
      m_Scale: {x: 1, y: 1}
      m_Offset: {x: 0, y: 0}
      m_Rotation: 0
      m_Anchor: 9
    m_Material: {fileID: 0}
    m_SubmeshIndex: 0
    m_ManualUV: 1
    elementGroup: -1
    m_TextureGroup: -1
  - m_Indexes: 120000001300000014000000
    m_SmoothingGroup: 4
    m_Uv:
      m_UseWorldSpace: 0
      m_FlipU: 0
      m_FlipV: 0
      m_SwapUV: 0
      m_Fill: 1
      m_Scale: {x: 1, y: 1}
      m_Offset: {x: 0, y: 0}
      m_Rotation: 0
      m_Anchor: 9
    m_Material: {fileID: 0}
    m_SubmeshIndex: 0
    m_ManualUV: 1
    elementGroup: -1
    m_TextureGroup: -1
  - m_Indexes: 150000001600000017000000
    m_SmoothingGroup: 4
    m_Uv:
      m_UseWorldSpace: 0
      m_FlipU: 0
      m_FlipV: 0
      m_SwapUV: 0
      m_Fill: 1
      m_Scale: {x: 1, y: 1}
      m_Offset: {x: 0, y: 0}
      m_Rotation: 0
      m_Anchor: 9
    m_Material: {fileID: 0}
    m_SubmeshIndex: 0
    m_ManualUV: 1
    elementGroup: -1
    m_TextureGroup: -1
  - m_Indexes: 18000000190000001a000000
    m_SmoothingGroup: 5
    m_Uv:
      m_UseWorldSpace: 0
      m_FlipU: 0
      m_FlipV: 0
      m_SwapUV: 0
      m_Fill: 1
      m_Scale: {x: 1, y: 1}
      m_Offset: {x: 0, y: 0}
      m_Rotation: 0
      m_Anchor: 9
    m_Material: {fileID: 0}
    m_SubmeshIndex: 0
    m_ManualUV: 1
    elementGroup: -1
    m_TextureGroup: -1
  - m_Indexes: 1b0000001c0000001d000000
    m_SmoothingGroup: 5
    m_Uv:
      m_UseWorldSpace: 0
      m_FlipU: 0
      m_FlipV: 0
      m_SwapUV: 0
      m_Fill: 1
      m_Scale: {x: 1, y: 1}
      m_Offset: {x: 0, y: 0}
      m_Rotation: 0
      m_Anchor: 9
    m_Material: {fileID: 0}
    m_SubmeshIndex: 0
    m_ManualUV: 1
    elementGroup: -1
    m_TextureGroup: -1
  - m_Indexes: 1e0000001f00000020000000
    m_SmoothingGroup: 6
    m_Uv:
      m_UseWorldSpace: 0
      m_FlipU: 0
      m_FlipV: 0
      m_SwapUV: 0
      m_Fill: 1
      m_Scale: {x: 1, y: 1}
      m_Offset: {x: 0, y: 0}
      m_Rotation: 0
      m_Anchor: 9
    m_Material: {fileID: 0}
    m_SubmeshIndex: 0
    m_ManualUV: 1
    elementGroup: -1
    m_TextureGroup: -1
  - m_Indexes: 210000002200000023000000
    m_SmoothingGroup: 6
    m_Uv:
      m_UseWorldSpace: 0
      m_FlipU: 0
      m_FlipV: 0
      m_SwapUV: 0
      m_Fill: 1
      m_Scale: {x: 1, y: 1}
      m_Offset: {x: 0, y: 0}
      m_Rotation: 0
      m_Anchor: 9
    m_Material: {fileID: 0}
    m_SubmeshIndex: 0
    m_ManualUV: 1
    elementGroup: -1
    m_TextureGroup: -1
  - m_Indexes: 240000002500000026000000
    m_SmoothingGroup: 7
    m_Uv:
      m_UseWorldSpace: 0
      m_FlipU: 0
      m_FlipV: 0
      m_SwapUV: 0
      m_Fill: 1
      m_Scale: {x: 1, y: 1}
      m_Offset: {x: 0, y: 0}
      m_Rotation: 0
      m_Anchor: 9
    m_Material: {fileID: 0}
    m_SubmeshIndex: 0
    m_ManualUV: 1
    elementGroup: -1
    m_TextureGroup: -1
  - m_Indexes: 270000002800000029000000
    m_SmoothingGroup: 7
    m_Uv:
      m_UseWorldSpace: 0
      m_FlipU: 0
      m_FlipV: 0
      m_SwapUV: 0
      m_Fill: 1
      m_Scale: {x: 1, y: 1}
      m_Offset: {x: 0, y: 0}
      m_Rotation: 0
      m_Anchor: 9
    m_Material: {fileID: 0}
    m_SubmeshIndex: 0
    m_ManualUV: 1
    elementGroup: -1
    m_TextureGroup: -1
  - m_Indexes: 2a0000002b0000002c000000
    m_SmoothingGroup: 8
    m_Uv:
      m_UseWorldSpace: 0
      m_FlipU: 0
      m_FlipV: 0
      m_SwapUV: 0
      m_Fill: 1
      m_Scale: {x: 1, y: 1}
      m_Offset: {x: 0, y: 0}
      m_Rotation: 0
      m_Anchor: 9
    m_Material: {fileID: 0}
    m_SubmeshIndex: 0
    m_ManualUV: 1
    elementGroup: -1
    m_TextureGroup: -1
  - m_Indexes: 2d0000002e0000002f000000
    m_SmoothingGroup: 8
    m_Uv:
      m_UseWorldSpace: 0
      m_FlipU: 0
      m_FlipV: 0
      m_SwapUV: 0
      m_Fill: 1
      m_Scale: {x: 1, y: 1}
      m_Offset: {x: 0, y: 0}
      m_Rotation: 0
      m_Anchor: 9
    m_Material: {fileID: 0}
    m_SubmeshIndex: 0
    m_ManualUV: 1
    elementGroup: -1
    m_TextureGroup: -1
  - m_Indexes: 300000003100000032000000
    m_SmoothingGroup: 9
    m_Uv:
      m_UseWorldSpace: 0
      m_FlipU: 0
      m_FlipV: 0
      m_SwapUV: 0
      m_Fill: 1
      m_Scale: {x: 1, y: 1}
      m_Offset: {x: 0, y: 0}
      m_Rotation: 0
      m_Anchor: 9
    m_Material: {fileID: 0}
    m_SubmeshIndex: 0
    m_ManualUV: 1
    elementGroup: -1
    m_TextureGroup: -1
  - m_Indexes: 330000003400000035000000
    m_SmoothingGroup: 9
    m_Uv:
      m_UseWorldSpace: 0
      m_FlipU: 0
      m_FlipV: 0
      m_SwapUV: 0
      m_Fill: 1
      m_Scale: {x: 1, y: 1}
      m_Offset: {x: 0, y: 0}
      m_Rotation: 0
      m_Anchor: 9
    m_Material: {fileID: 0}
    m_SubmeshIndex: 0
    m_ManualUV: 1
    elementGroup: -1
    m_TextureGroup: -1
  - m_Indexes: 360000003700000038000000
    m_SmoothingGroup: 10
    m_Uv:
      m_UseWorldSpace: 0
      m_FlipU: 0
      m_FlipV: 0
      m_SwapUV: 0
      m_Fill: 1
      m_Scale: {x: 1, y: 1}
      m_Offset: {x: 0, y: 0}
      m_Rotation: 0
      m_Anchor: 9
    m_Material: {fileID: 0}
    m_SubmeshIndex: 0
    m_ManualUV: 1
    elementGroup: -1
    m_TextureGroup: -1
  - m_Indexes: 390000003a0000003b000000
    m_SmoothingGroup: 10
    m_Uv:
      m_UseWorldSpace: 0
      m_FlipU: 0
      m_FlipV: 0
      m_SwapUV: 0
      m_Fill: 1
      m_Scale: {x: 1, y: 1}
      m_Offset: {x: 0, y: 0}
      m_Rotation: 0
      m_Anchor: 9
    m_Material: {fileID: 0}
    m_SubmeshIndex: 0
    m_ManualUV: 1
    elementGroup: -1
    m_TextureGroup: -1
  - m_Indexes: 3c0000003d0000003e000000
    m_SmoothingGroup: 11
    m_Uv:
      m_UseWorldSpace: 0
      m_FlipU: 0
      m_FlipV: 0
      m_SwapUV: 0
      m_Fill: 1
      m_Scale: {x: 1, y: 1}
      m_Offset: {x: 0, y: 0}
      m_Rotation: 0
      m_Anchor: 9
    m_Material: {fileID: 0}
    m_SubmeshIndex: 0
    m_ManualUV: 1
    elementGroup: -1
    m_TextureGroup: -1
  - m_Indexes: 3f0000004000000041000000
    m_SmoothingGroup: 11
    m_Uv:
      m_UseWorldSpace: 0
      m_FlipU: 0
      m_FlipV: 0
      m_SwapUV: 0
      m_Fill: 1
      m_Scale: {x: 1, y: 1}
      m_Offset: {x: 0, y: 0}
      m_Rotation: 0
      m_Anchor: 9
    m_Material: {fileID: 0}
    m_SubmeshIndex: 0
    m_ManualUV: 1
    elementGroup: -1
    m_TextureGroup: -1
  - m_Indexes: 420000004300000044000000
    m_SmoothingGroup: 12
    m_Uv:
      m_UseWorldSpace: 0
      m_FlipU: 0
      m_FlipV: 0
      m_SwapUV: 0
      m_Fill: 1
      m_Scale: {x: 1, y: 1}
      m_Offset: {x: 0, y: 0}
      m_Rotation: 0
      m_Anchor: 9
    m_Material: {fileID: 0}
    m_SubmeshIndex: 0
    m_ManualUV: 1
    elementGroup: -1
    m_TextureGroup: -1
  - m_Indexes: 450000004600000047000000
    m_SmoothingGroup: 12
    m_Uv:
      m_UseWorldSpace: 0
      m_FlipU: 0
      m_FlipV: 0
      m_SwapUV: 0
      m_Fill: 1
      m_Scale: {x: 1, y: 1}
      m_Offset: {x: 0, y: 0}
      m_Rotation: 0
      m_Anchor: 9
    m_Material: {fileID: 0}
    m_SubmeshIndex: 0
    m_ManualUV: 1
    elementGroup: -1
    m_TextureGroup: -1
  - m_Indexes: 48000000490000004a000000
    m_SmoothingGroup: 13
    m_Uv:
      m_UseWorldSpace: 0
      m_FlipU: 0
      m_FlipV: 0
      m_SwapUV: 0
      m_Fill: 1
      m_Scale: {x: 1, y: 1}
      m_Offset: {x: 0, y: 0}
      m_Rotation: 0
      m_Anchor: 9
    m_Material: {fileID: 0}
    m_SubmeshIndex: 0
    m_ManualUV: 1
    elementGroup: -1
    m_TextureGroup: -1
  - m_Indexes: 4b0000004c0000004d000000
    m_SmoothingGroup: 13
    m_Uv:
      m_UseWorldSpace: 0
      m_FlipU: 0
      m_FlipV: 0
      m_SwapUV: 0
      m_Fill: 1
      m_Scale: {x: 1, y: 1}
      m_Offset: {x: 0, y: 0}
      m_Rotation: 0
      m_Anchor: 9
    m_Material: {fileID: 0}
    m_SubmeshIndex: 0
    m_ManualUV: 1
    elementGroup: -1
    m_TextureGroup: -1
  - m_Indexes: 4e0000004f00000050000000
    m_SmoothingGroup: 14
    m_Uv:
      m_UseWorldSpace: 0
      m_FlipU: 0
      m_FlipV: 0
      m_SwapUV: 0
      m_Fill: 1
      m_Scale: {x: 1, y: 1}
      m_Offset: {x: 0, y: 0}
      m_Rotation: 0
      m_Anchor: 9
    m_Material: {fileID: 0}
    m_SubmeshIndex: 0
    m_ManualUV: 1
    elementGroup: -1
    m_TextureGroup: -1
  - m_Indexes: 510000005200000053000000
    m_SmoothingGroup: 14
    m_Uv:
      m_UseWorldSpace: 0
      m_FlipU: 0
      m_FlipV: 0
      m_SwapUV: 0
      m_Fill: 1
      m_Scale: {x: 1, y: 1}
      m_Offset: {x: 0, y: 0}
      m_Rotation: 0
      m_Anchor: 9
    m_Material: {fileID: 0}
    m_SubmeshIndex: 0
    m_ManualUV: 1
    elementGroup: -1
    m_TextureGroup: -1
  - m_Indexes: 540000005500000056000000
    m_SmoothingGroup: 15
    m_Uv:
      m_UseWorldSpace: 0
      m_FlipU: 0
      m_FlipV: 0
      m_SwapUV: 0
      m_Fill: 1
      m_Scale: {x: 1, y: 1}
      m_Offset: {x: 0, y: 0}
      m_Rotation: 0
      m_Anchor: 9
    m_Material: {fileID: 0}
    m_SubmeshIndex: 0
    m_ManualUV: 1
    elementGroup: -1
    m_TextureGroup: -1
  - m_Indexes: 570000005800000059000000
    m_SmoothingGroup: 15
    m_Uv:
      m_UseWorldSpace: 0
      m_FlipU: 0
      m_FlipV: 0
      m_SwapUV: 0
      m_Fill: 1
      m_Scale: {x: 1, y: 1}
      m_Offset: {x: 0, y: 0}
      m_Rotation: 0
      m_Anchor: 9
    m_Material: {fileID: 0}
    m_SubmeshIndex: 0
    m_ManualUV: 1
    elementGroup: -1
    m_TextureGroup: -1
  - m_Indexes: 5a0000005b0000005c000000
    m_SmoothingGroup: 16
    m_Uv:
      m_UseWorldSpace: 0
      m_FlipU: 0
      m_FlipV: 0
      m_SwapUV: 0
      m_Fill: 1
      m_Scale: {x: 1, y: 1}
      m_Offset: {x: 0, y: 0}
      m_Rotation: 0
      m_Anchor: 9
    m_Material: {fileID: 0}
    m_SubmeshIndex: 0
    m_ManualUV: 1
    elementGroup: -1
    m_TextureGroup: -1
  - m_Indexes: 5d0000005e0000005f000000
    m_SmoothingGroup: 16
    m_Uv:
      m_UseWorldSpace: 0
      m_FlipU: 0
      m_FlipV: 0
      m_SwapUV: 0
      m_Fill: 1
      m_Scale: {x: 1, y: 1}
      m_Offset: {x: 0, y: 0}
      m_Rotation: 0
      m_Anchor: 9
    m_Material: {fileID: 0}
    m_SubmeshIndex: 0
    m_ManualUV: 1
    elementGroup: -1
    m_TextureGroup: -1
  - m_Indexes: 600000006100000062000000
    m_SmoothingGroup: 17
    m_Uv:
      m_UseWorldSpace: 0
      m_FlipU: 0
      m_FlipV: 0
      m_SwapUV: 0
      m_Fill: 1
      m_Scale: {x: 1, y: 1}
      m_Offset: {x: 0, y: 0}
      m_Rotation: 0
      m_Anchor: 9
    m_Material: {fileID: 0}
    m_SubmeshIndex: 0
    m_ManualUV: 1
    elementGroup: -1
    m_TextureGroup: -1
  - m_Indexes: 630000006400000065000000
    m_SmoothingGroup: 17
    m_Uv:
      m_UseWorldSpace: 0
      m_FlipU: 0
      m_FlipV: 0
      m_SwapUV: 0
      m_Fill: 1
      m_Scale: {x: 1, y: 1}
      m_Offset: {x: 0, y: 0}
      m_Rotation: 0
      m_Anchor: 9
    m_Material: {fileID: 0}
    m_SubmeshIndex: 0
    m_ManualUV: 1
    elementGroup: -1
    m_TextureGroup: -1
  - m_Indexes: 660000006700000068000000
    m_SmoothingGroup: 18
    m_Uv:
      m_UseWorldSpace: 0
      m_FlipU: 0
      m_FlipV: 0
      m_SwapUV: 0
      m_Fill: 1
      m_Scale: {x: 1, y: 1}
      m_Offset: {x: 0, y: 0}
      m_Rotation: 0
      m_Anchor: 9
    m_Material: {fileID: 0}
    m_SubmeshIndex: 0
    m_ManualUV: 1
    elementGroup: -1
    m_TextureGroup: -1
  - m_Indexes: 690000006a0000006b000000
    m_SmoothingGroup: 18
    m_Uv:
      m_UseWorldSpace: 0
      m_FlipU: 0
      m_FlipV: 0
      m_SwapUV: 0
      m_Fill: 1
      m_Scale: {x: 1, y: 1}
      m_Offset: {x: 0, y: 0}
      m_Rotation: 0
      m_Anchor: 9
    m_Material: {fileID: 0}
    m_SubmeshIndex: 0
    m_ManualUV: 1
    elementGroup: -1
    m_TextureGroup: -1
  - m_Indexes: 6c0000006d0000006e000000
    m_SmoothingGroup: 19
    m_Uv:
      m_UseWorldSpace: 0
      m_FlipU: 0
      m_FlipV: 0
      m_SwapUV: 0
      m_Fill: 1
      m_Scale: {x: 1, y: 1}
      m_Offset: {x: 0, y: 0}
      m_Rotation: 0
      m_Anchor: 9
    m_Material: {fileID: 0}
    m_SubmeshIndex: 0
    m_ManualUV: 1
    elementGroup: -1
    m_TextureGroup: -1
  - m_Indexes: 6f0000007000000071000000
    m_SmoothingGroup: 19
    m_Uv:
      m_UseWorldSpace: 0
      m_FlipU: 0
      m_FlipV: 0
      m_SwapUV: 0
      m_Fill: 1
      m_Scale: {x: 1, y: 1}
      m_Offset: {x: 0, y: 0}
      m_Rotation: 0
      m_Anchor: 9
    m_Material: {fileID: 0}
    m_SubmeshIndex: 0
    m_ManualUV: 1
    elementGroup: -1
    m_TextureGroup: -1
  - m_Indexes: 720000007300000074000000
    m_SmoothingGroup: 20
    m_Uv:
      m_UseWorldSpace: 0
      m_FlipU: 0
      m_FlipV: 0
      m_SwapUV: 0
      m_Fill: 1
      m_Scale: {x: 1, y: 1}
      m_Offset: {x: 0, y: 0}
      m_Rotation: 0
      m_Anchor: 9
    m_Material: {fileID: 0}
    m_SubmeshIndex: 0
    m_ManualUV: 1
    elementGroup: -1
    m_TextureGroup: -1
  - m_Indexes: 750000007600000077000000
    m_SmoothingGroup: 20
    m_Uv:
      m_UseWorldSpace: 0
      m_FlipU: 0
      m_FlipV: 0
      m_SwapUV: 0
      m_Fill: 1
      m_Scale: {x: 1, y: 1}
      m_Offset: {x: 0, y: 0}
      m_Rotation: 0
      m_Anchor: 9
    m_Material: {fileID: 0}
    m_SubmeshIndex: 0
    m_ManualUV: 1
    elementGroup: -1
    m_TextureGroup: -1
  - m_Indexes: 78000000790000007a000000
    m_SmoothingGroup: 21
    m_Uv:
      m_UseWorldSpace: 0
      m_FlipU: 0
      m_FlipV: 0
      m_SwapUV: 0
      m_Fill: 1
      m_Scale: {x: 1, y: 1}
      m_Offset: {x: 0, y: 0}
      m_Rotation: 0
      m_Anchor: 9
    m_Material: {fileID: 0}
    m_SubmeshIndex: 0
    m_ManualUV: 1
    elementGroup: -1
    m_TextureGroup: -1
  - m_Indexes: 7b0000007c0000007d000000
    m_SmoothingGroup: 21
    m_Uv:
      m_UseWorldSpace: 0
      m_FlipU: 0
      m_FlipV: 0
      m_SwapUV: 0
      m_Fill: 1
      m_Scale: {x: 1, y: 1}
      m_Offset: {x: 0, y: 0}
      m_Rotation: 0
      m_Anchor: 9
    m_Material: {fileID: 0}
    m_SubmeshIndex: 0
    m_ManualUV: 1
    elementGroup: -1
    m_TextureGroup: -1
  - m_Indexes: 7e0000007f00000080000000
    m_SmoothingGroup: 22
    m_Uv:
      m_UseWorldSpace: 0
      m_FlipU: 0
      m_FlipV: 0
      m_SwapUV: 0
      m_Fill: 1
      m_Scale: {x: 1, y: 1}
      m_Offset: {x: 0, y: 0}
      m_Rotation: 0
      m_Anchor: 9
    m_Material: {fileID: 0}
    m_SubmeshIndex: 0
    m_ManualUV: 1
    elementGroup: -1
    m_TextureGroup: -1
  - m_Indexes: 810000008200000083000000
    m_SmoothingGroup: 22
    m_Uv:
      m_UseWorldSpace: 0
      m_FlipU: 0
      m_FlipV: 0
      m_SwapUV: 0
      m_Fill: 1
      m_Scale: {x: 1, y: 1}
      m_Offset: {x: 0, y: 0}
      m_Rotation: 0
      m_Anchor: 9
    m_Material: {fileID: 0}
    m_SubmeshIndex: 0
    m_ManualUV: 1
    elementGroup: -1
    m_TextureGroup: -1
  - m_Indexes: 840000008500000086000000
    m_SmoothingGroup: 23
    m_Uv:
      m_UseWorldSpace: 0
      m_FlipU: 0
      m_FlipV: 0
      m_SwapUV: 0
      m_Fill: 1
      m_Scale: {x: 1, y: 1}
      m_Offset: {x: 0, y: 0}
      m_Rotation: 0
      m_Anchor: 9
    m_Material: {fileID: 0}
    m_SubmeshIndex: 0
    m_ManualUV: 1
    elementGroup: -1
    m_TextureGroup: -1
  - m_Indexes: 870000008800000089000000
    m_SmoothingGroup: 23
    m_Uv:
      m_UseWorldSpace: 0
      m_FlipU: 0
      m_FlipV: 0
      m_SwapUV: 0
      m_Fill: 1
      m_Scale: {x: 1, y: 1}
      m_Offset: {x: 0, y: 0}
      m_Rotation: 0
      m_Anchor: 9
    m_Material: {fileID: 0}
    m_SubmeshIndex: 0
    m_ManualUV: 1
    elementGroup: -1
    m_TextureGroup: -1
  - m_Indexes: 8a0000008b0000008c000000
    m_SmoothingGroup: 24
    m_Uv:
      m_UseWorldSpace: 0
      m_FlipU: 0
      m_FlipV: 0
      m_SwapUV: 0
      m_Fill: 1
      m_Scale: {x: 1, y: 1}
      m_Offset: {x: 0, y: 0}
      m_Rotation: 0
      m_Anchor: 9
    m_Material: {fileID: 0}
    m_SubmeshIndex: 0
    m_ManualUV: 1
    elementGroup: -1
    m_TextureGroup: -1
  - m_Indexes: 8d0000008e0000008f000000
    m_SmoothingGroup: 24
    m_Uv:
      m_UseWorldSpace: 0
      m_FlipU: 0
      m_FlipV: 0
      m_SwapUV: 0
      m_Fill: 1
      m_Scale: {x: 1, y: 1}
      m_Offset: {x: 0, y: 0}
      m_Rotation: 0
      m_Anchor: 9
    m_Material: {fileID: 0}
    m_SubmeshIndex: 0
    m_ManualUV: 1
    elementGroup: -1
    m_TextureGroup: -1
  - m_Indexes: 900000009100000092000000
    m_SmoothingGroup: 43
    m_Uv:
      m_UseWorldSpace: 0
      m_FlipU: 0
      m_FlipV: 0
      m_SwapUV: 0
      m_Fill: 1
      m_Scale: {x: 1, y: 1}
      m_Offset: {x: 0, y: 0}
      m_Rotation: 0
      m_Anchor: 9
    m_Material: {fileID: 0}
    m_SubmeshIndex: 0
    m_ManualUV: 1
    elementGroup: -1
    m_TextureGroup: -1
  - m_Indexes: 930000009400000095000000
    m_SmoothingGroup: 43
    m_Uv:
      m_UseWorldSpace: 0
      m_FlipU: 0
      m_FlipV: 0
      m_SwapUV: 0
      m_Fill: 1
      m_Scale: {x: 1, y: 1}
      m_Offset: {x: 0, y: 0}
      m_Rotation: 0
      m_Anchor: 9
    m_Material: {fileID: 0}
    m_SubmeshIndex: 0
    m_ManualUV: 1
    elementGroup: -1
    m_TextureGroup: -1
  - m_Indexes: 960000009700000098000000
    m_SmoothingGroup: 44
    m_Uv:
      m_UseWorldSpace: 0
      m_FlipU: 0
      m_FlipV: 0
      m_SwapUV: 0
      m_Fill: 1
      m_Scale: {x: 1, y: 1}
      m_Offset: {x: 0, y: 0}
      m_Rotation: 0
      m_Anchor: 9
    m_Material: {fileID: 0}
    m_SubmeshIndex: 0
    m_ManualUV: 1
    elementGroup: -1
    m_TextureGroup: -1
  - m_Indexes: 990000009a0000009b000000
    m_SmoothingGroup: 44
    m_Uv:
      m_UseWorldSpace: 0
      m_FlipU: 0
      m_FlipV: 0
      m_SwapUV: 0
      m_Fill: 1
      m_Scale: {x: 1, y: 1}
      m_Offset: {x: 0, y: 0}
      m_Rotation: 0
      m_Anchor: 9
    m_Material: {fileID: 0}
    m_SubmeshIndex: 0
    m_ManualUV: 1
    elementGroup: -1
    m_TextureGroup: -1
  - m_Indexes: 9c0000009d0000009e000000
    m_SmoothingGroup: 45
    m_Uv:
      m_UseWorldSpace: 0
      m_FlipU: 0
      m_FlipV: 0
      m_SwapUV: 0
      m_Fill: 1
      m_Scale: {x: 1, y: 1}
      m_Offset: {x: 0, y: 0}
      m_Rotation: 0
      m_Anchor: 9
    m_Material: {fileID: 0}
    m_SubmeshIndex: 0
    m_ManualUV: 1
    elementGroup: -1
    m_TextureGroup: -1
  - m_Indexes: 9f000000a0000000a1000000
    m_SmoothingGroup: 45
    m_Uv:
      m_UseWorldSpace: 0
      m_FlipU: 0
      m_FlipV: 0
      m_SwapUV: 0
      m_Fill: 1
      m_Scale: {x: 1, y: 1}
      m_Offset: {x: 0, y: 0}
      m_Rotation: 0
      m_Anchor: 9
    m_Material: {fileID: 0}
    m_SubmeshIndex: 0
    m_ManualUV: 1
    elementGroup: -1
    m_TextureGroup: -1
  - m_Indexes: a2000000a3000000a4000000
    m_SmoothingGroup: 46
    m_Uv:
      m_UseWorldSpace: 0
      m_FlipU: 0
      m_FlipV: 0
      m_SwapUV: 0
      m_Fill: 1
      m_Scale: {x: 1, y: 1}
      m_Offset: {x: 0, y: 0}
      m_Rotation: 0
      m_Anchor: 9
    m_Material: {fileID: 0}
    m_SubmeshIndex: 0
    m_ManualUV: 1
    elementGroup: -1
    m_TextureGroup: -1
  - m_Indexes: a5000000a6000000a7000000
    m_SmoothingGroup: 46
    m_Uv:
      m_UseWorldSpace: 0
      m_FlipU: 0
      m_FlipV: 0
      m_SwapUV: 0
      m_Fill: 1
      m_Scale: {x: 1, y: 1}
      m_Offset: {x: 0, y: 0}
      m_Rotation: 0
      m_Anchor: 9
    m_Material: {fileID: 0}
    m_SubmeshIndex: 0
    m_ManualUV: 1
    elementGroup: -1
    m_TextureGroup: -1
  - m_Indexes: a8000000a9000000aa000000
    m_SmoothingGroup: 47
    m_Uv:
      m_UseWorldSpace: 0
      m_FlipU: 0
      m_FlipV: 0
      m_SwapUV: 0
      m_Fill: 1
      m_Scale: {x: 1, y: 1}
      m_Offset: {x: 0, y: 0}
      m_Rotation: 0
      m_Anchor: 9
    m_Material: {fileID: 0}
    m_SubmeshIndex: 0
    m_ManualUV: 1
    elementGroup: -1
    m_TextureGroup: -1
  - m_Indexes: ab000000ac000000ad000000
    m_SmoothingGroup: 47
    m_Uv:
      m_UseWorldSpace: 0
      m_FlipU: 0
      m_FlipV: 0
      m_SwapUV: 0
      m_Fill: 1
      m_Scale: {x: 1, y: 1}
      m_Offset: {x: 0, y: 0}
      m_Rotation: 0
      m_Anchor: 9
    m_Material: {fileID: 0}
    m_SubmeshIndex: 0
    m_ManualUV: 1
    elementGroup: -1
    m_TextureGroup: -1
  - m_Indexes: ae000000af000000b0000000
    m_SmoothingGroup: 48
    m_Uv:
      m_UseWorldSpace: 0
      m_FlipU: 0
      m_FlipV: 0
      m_SwapUV: 0
      m_Fill: 1
      m_Scale: {x: 1, y: 1}
      m_Offset: {x: 0, y: 0}
      m_Rotation: 0
      m_Anchor: 9
    m_Material: {fileID: 0}
    m_SubmeshIndex: 0
    m_ManualUV: 1
    elementGroup: -1
    m_TextureGroup: -1
  - m_Indexes: b1000000b2000000b3000000
    m_SmoothingGroup: 48
    m_Uv:
      m_UseWorldSpace: 0
      m_FlipU: 0
      m_FlipV: 0
      m_SwapUV: 0
      m_Fill: 1
      m_Scale: {x: 1, y: 1}
      m_Offset: {x: 0, y: 0}
      m_Rotation: 0
      m_Anchor: 9
    m_Material: {fileID: 0}
    m_SubmeshIndex: 0
    m_ManualUV: 1
    elementGroup: -1
    m_TextureGroup: -1
  - m_Indexes: b4000000b5000000b6000000
    m_SmoothingGroup: 49
    m_Uv:
      m_UseWorldSpace: 0
      m_FlipU: 0
      m_FlipV: 0
      m_SwapUV: 0
      m_Fill: 1
      m_Scale: {x: 1, y: 1}
      m_Offset: {x: 0, y: 0}
      m_Rotation: 0
      m_Anchor: 9
    m_Material: {fileID: 0}
    m_SubmeshIndex: 0
    m_ManualUV: 1
    elementGroup: -1
    m_TextureGroup: -1
  - m_Indexes: b7000000b8000000b9000000
    m_SmoothingGroup: 49
    m_Uv:
      m_UseWorldSpace: 0
      m_FlipU: 0
      m_FlipV: 0
      m_SwapUV: 0
      m_Fill: 1
      m_Scale: {x: 1, y: 1}
      m_Offset: {x: 0, y: 0}
      m_Rotation: 0
      m_Anchor: 9
    m_Material: {fileID: 0}
    m_SubmeshIndex: 0
    m_ManualUV: 1
    elementGroup: -1
    m_TextureGroup: -1
  - m_Indexes: ba000000bb000000bc000000
    m_SmoothingGroup: 50
    m_Uv:
      m_UseWorldSpace: 0
      m_FlipU: 0
      m_FlipV: 0
      m_SwapUV: 0
      m_Fill: 1
      m_Scale: {x: 1, y: 1}
      m_Offset: {x: 0, y: 0}
      m_Rotation: 0
      m_Anchor: 9
    m_Material: {fileID: 0}
    m_SubmeshIndex: 0
    m_ManualUV: 1
    elementGroup: -1
    m_TextureGroup: -1
  - m_Indexes: bd000000be000000bf000000
    m_SmoothingGroup: 50
    m_Uv:
      m_UseWorldSpace: 0
      m_FlipU: 0
      m_FlipV: 0
      m_SwapUV: 0
      m_Fill: 1
      m_Scale: {x: 1, y: 1}
      m_Offset: {x: 0, y: 0}
      m_Rotation: 0
      m_Anchor: 9
    m_Material: {fileID: 0}
    m_SubmeshIndex: 0
    m_ManualUV: 1
    elementGroup: -1
    m_TextureGroup: -1
  - m_Indexes: c0000000c1000000c2000000
    m_SmoothingGroup: 51
    m_Uv:
      m_UseWorldSpace: 0
      m_FlipU: 0
      m_FlipV: 0
      m_SwapUV: 0
      m_Fill: 1
      m_Scale: {x: 1, y: 1}
      m_Offset: {x: 0, y: 0}
      m_Rotation: 0
      m_Anchor: 9
    m_Material: {fileID: 0}
    m_SubmeshIndex: 0
    m_ManualUV: 1
    elementGroup: -1
    m_TextureGroup: -1
  - m_Indexes: c3000000c4000000c5000000
    m_SmoothingGroup: 51
    m_Uv:
      m_UseWorldSpace: 0
      m_FlipU: 0
      m_FlipV: 0
      m_SwapUV: 0
      m_Fill: 1
      m_Scale: {x: 1, y: 1}
      m_Offset: {x: 0, y: 0}
      m_Rotation: 0
      m_Anchor: 9
    m_Material: {fileID: 0}
    m_SubmeshIndex: 0
    m_ManualUV: 1
    elementGroup: -1
    m_TextureGroup: -1
  - m_Indexes: c6000000c7000000c8000000
    m_SmoothingGroup: 52
    m_Uv:
      m_UseWorldSpace: 0
      m_FlipU: 0
      m_FlipV: 0
      m_SwapUV: 0
      m_Fill: 1
      m_Scale: {x: 1, y: 1}
      m_Offset: {x: 0, y: 0}
      m_Rotation: 0
      m_Anchor: 9
    m_Material: {fileID: 0}
    m_SubmeshIndex: 0
    m_ManualUV: 1
    elementGroup: -1
    m_TextureGroup: -1
  - m_Indexes: c9000000ca000000cb000000
    m_SmoothingGroup: 52
    m_Uv:
      m_UseWorldSpace: 0
      m_FlipU: 0
      m_FlipV: 0
      m_SwapUV: 0
      m_Fill: 1
      m_Scale: {x: 1, y: 1}
      m_Offset: {x: 0, y: 0}
      m_Rotation: 0
      m_Anchor: 9
    m_Material: {fileID: 0}
    m_SubmeshIndex: 0
    m_ManualUV: 1
    elementGroup: -1
    m_TextureGroup: -1
  - m_Indexes: cc000000cd000000ce000000
    m_SmoothingGroup: 53
    m_Uv:
      m_UseWorldSpace: 0
      m_FlipU: 0
      m_FlipV: 0
      m_SwapUV: 0
      m_Fill: 1
      m_Scale: {x: 1, y: 1}
      m_Offset: {x: 0, y: 0}
      m_Rotation: 0
      m_Anchor: 9
    m_Material: {fileID: 0}
    m_SubmeshIndex: 0
    m_ManualUV: 1
    elementGroup: -1
    m_TextureGroup: -1
  - m_Indexes: cf000000d0000000d1000000
    m_SmoothingGroup: 53
    m_Uv:
      m_UseWorldSpace: 0
      m_FlipU: 0
      m_FlipV: 0
      m_SwapUV: 0
      m_Fill: 1
      m_Scale: {x: 1, y: 1}
      m_Offset: {x: 0, y: 0}
      m_Rotation: 0
      m_Anchor: 9
    m_Material: {fileID: 0}
    m_SubmeshIndex: 0
    m_ManualUV: 1
    elementGroup: -1
    m_TextureGroup: -1
  - m_Indexes: d2000000d3000000d4000000
    m_SmoothingGroup: 54
    m_Uv:
      m_UseWorldSpace: 0
      m_FlipU: 0
      m_FlipV: 0
      m_SwapUV: 0
      m_Fill: 1
      m_Scale: {x: 1, y: 1}
      m_Offset: {x: 0, y: 0}
      m_Rotation: 0
      m_Anchor: 9
    m_Material: {fileID: 0}
    m_SubmeshIndex: 0
    m_ManualUV: 1
    elementGroup: -1
    m_TextureGroup: -1
  - m_Indexes: d5000000d6000000d7000000
    m_SmoothingGroup: 54
    m_Uv:
      m_UseWorldSpace: 0
      m_FlipU: 0
      m_FlipV: 0
      m_SwapUV: 0
      m_Fill: 1
      m_Scale: {x: 1, y: 1}
      m_Offset: {x: 0, y: 0}
      m_Rotation: 0
      m_Anchor: 9
    m_Material: {fileID: 0}
    m_SubmeshIndex: 0
    m_ManualUV: 1
    elementGroup: -1
    m_TextureGroup: -1
  - m_Indexes: d8000000d9000000da000000
    m_SmoothingGroup: 55
    m_Uv:
      m_UseWorldSpace: 0
      m_FlipU: 0
      m_FlipV: 0
      m_SwapUV: 0
      m_Fill: 1
      m_Scale: {x: 1, y: 1}
      m_Offset: {x: 0, y: 0}
      m_Rotation: 0
      m_Anchor: 9
    m_Material: {fileID: 0}
    m_SubmeshIndex: 0
    m_ManualUV: 1
    elementGroup: -1
    m_TextureGroup: -1
  - m_Indexes: db000000dc000000dd000000
    m_SmoothingGroup: 55
    m_Uv:
      m_UseWorldSpace: 0
      m_FlipU: 0
      m_FlipV: 0
      m_SwapUV: 0
      m_Fill: 1
      m_Scale: {x: 1, y: 1}
      m_Offset: {x: 0, y: 0}
      m_Rotation: 0
      m_Anchor: 9
    m_Material: {fileID: 0}
    m_SubmeshIndex: 0
    m_ManualUV: 1
    elementGroup: -1
    m_TextureGroup: -1
  - m_Indexes: de000000df000000e0000000
    m_SmoothingGroup: 56
    m_Uv:
      m_UseWorldSpace: 0
      m_FlipU: 0
      m_FlipV: 0
      m_SwapUV: 0
      m_Fill: 1
      m_Scale: {x: 1, y: 1}
      m_Offset: {x: 0, y: 0}
      m_Rotation: 0
      m_Anchor: 9
    m_Material: {fileID: 0}
    m_SubmeshIndex: 0
    m_ManualUV: 1
    elementGroup: -1
    m_TextureGroup: -1
  - m_Indexes: e1000000e2000000e3000000
    m_SmoothingGroup: 56
    m_Uv:
      m_UseWorldSpace: 0
      m_FlipU: 0
      m_FlipV: 0
      m_SwapUV: 0
      m_Fill: 1
      m_Scale: {x: 1, y: 1}
      m_Offset: {x: 0, y: 0}
      m_Rotation: 0
      m_Anchor: 9
    m_Material: {fileID: 0}
    m_SubmeshIndex: 0
    m_ManualUV: 1
    elementGroup: -1
    m_TextureGroup: -1
  - m_Indexes: e4000000e5000000e6000000
    m_SmoothingGroup: 56
    m_Uv:
      m_UseWorldSpace: 0
      m_FlipU: 0
      m_FlipV: 0
      m_SwapUV: 0
      m_Fill: 1
      m_Scale: {x: 1, y: 1}
      m_Offset: {x: 0, y: 0}
      m_Rotation: 0
      m_Anchor: 9
    m_Material: {fileID: 0}
    m_SubmeshIndex: 0
    m_ManualUV: 1
    elementGroup: -1
    m_TextureGroup: -1
  - m_Indexes: e7000000e8000000e9000000
    m_SmoothingGroup: 56
    m_Uv:
      m_UseWorldSpace: 0
      m_FlipU: 0
      m_FlipV: 0
      m_SwapUV: 0
      m_Fill: 1
      m_Scale: {x: 1, y: 1}
      m_Offset: {x: 0, y: 0}
      m_Rotation: 0
      m_Anchor: 9
    m_Material: {fileID: 0}
    m_SubmeshIndex: 0
    m_ManualUV: 1
    elementGroup: -1
    m_TextureGroup: -1
  - m_Indexes: ea000000eb000000ec000000
    m_SmoothingGroup: 56
    m_Uv:
      m_UseWorldSpace: 0
      m_FlipU: 0
      m_FlipV: 0
      m_SwapUV: 0
      m_Fill: 1
      m_Scale: {x: 1, y: 1}
      m_Offset: {x: 0, y: 0}
      m_Rotation: 0
      m_Anchor: 9
    m_Material: {fileID: 0}
    m_SubmeshIndex: 0
    m_ManualUV: 1
    elementGroup: -1
    m_TextureGroup: -1
  - m_Indexes: ed000000ee000000ef000000
    m_SmoothingGroup: 56
    m_Uv:
      m_UseWorldSpace: 0
      m_FlipU: 0
      m_FlipV: 0
      m_SwapUV: 0
      m_Fill: 1
      m_Scale: {x: 1, y: 1}
      m_Offset: {x: 0, y: 0}
      m_Rotation: 0
      m_Anchor: 9
    m_Material: {fileID: 0}
    m_SubmeshIndex: 0
    m_ManualUV: 1
    elementGroup: -1
    m_TextureGroup: -1
  - m_Indexes: f0000000f1000000f2000000
    m_SmoothingGroup: 56
    m_Uv:
      m_UseWorldSpace: 0
      m_FlipU: 0
      m_FlipV: 0
      m_SwapUV: 0
      m_Fill: 1
      m_Scale: {x: 1, y: 1}
      m_Offset: {x: 0, y: 0}
      m_Rotation: 0
      m_Anchor: 9
    m_Material: {fileID: 0}
    m_SubmeshIndex: 0
    m_ManualUV: 1
    elementGroup: -1
    m_TextureGroup: -1
  - m_Indexes: f3000000f4000000f5000000
    m_SmoothingGroup: 56
    m_Uv:
      m_UseWorldSpace: 0
      m_FlipU: 0
      m_FlipV: 0
      m_SwapUV: 0
      m_Fill: 1
      m_Scale: {x: 1, y: 1}
      m_Offset: {x: 0, y: 0}
      m_Rotation: 0
      m_Anchor: 9
    m_Material: {fileID: 0}
    m_SubmeshIndex: 0
    m_ManualUV: 1
    elementGroup: -1
    m_TextureGroup: -1
  - m_Indexes: f6000000f7000000f8000000
    m_SmoothingGroup: 56
    m_Uv:
      m_UseWorldSpace: 0
      m_FlipU: 0
      m_FlipV: 0
      m_SwapUV: 0
      m_Fill: 1
      m_Scale: {x: 1, y: 1}
      m_Offset: {x: 0, y: 0}
      m_Rotation: 0
      m_Anchor: 9
    m_Material: {fileID: 0}
    m_SubmeshIndex: 0
    m_ManualUV: 1
    elementGroup: -1
    m_TextureGroup: -1
  - m_Indexes: f9000000fa000000fb000000
    m_SmoothingGroup: 56
    m_Uv:
      m_UseWorldSpace: 0
      m_FlipU: 0
      m_FlipV: 0
      m_SwapUV: 0
      m_Fill: 1
      m_Scale: {x: 1, y: 1}
      m_Offset: {x: 0, y: 0}
      m_Rotation: 0
      m_Anchor: 9
    m_Material: {fileID: 0}
    m_SubmeshIndex: 0
    m_ManualUV: 1
    elementGroup: -1
    m_TextureGroup: -1
  - m_Indexes: fc000000fd000000fe000000
    m_SmoothingGroup: 56
    m_Uv:
      m_UseWorldSpace: 0
      m_FlipU: 0
      m_FlipV: 0
      m_SwapUV: 0
      m_Fill: 1
      m_Scale: {x: 1, y: 1}
      m_Offset: {x: 0, y: 0}
      m_Rotation: 0
      m_Anchor: 9
    m_Material: {fileID: 0}
    m_SubmeshIndex: 0
    m_ManualUV: 1
    elementGroup: -1
    m_TextureGroup: -1
  - m_Indexes: ff0000000001000001010000
    m_SmoothingGroup: 56
    m_Uv:
      m_UseWorldSpace: 0
      m_FlipU: 0
      m_FlipV: 0
      m_SwapUV: 0
      m_Fill: 1
      m_Scale: {x: 1, y: 1}
      m_Offset: {x: 0, y: 0}
      m_Rotation: 0
      m_Anchor: 9
    m_Material: {fileID: 0}
    m_SubmeshIndex: 0
    m_ManualUV: 1
    elementGroup: -1
    m_TextureGroup: -1
  - m_Indexes: 020100000301000004010000
    m_SmoothingGroup: 56
    m_Uv:
      m_UseWorldSpace: 0
      m_FlipU: 0
      m_FlipV: 0
      m_SwapUV: 0
      m_Fill: 1
      m_Scale: {x: 1, y: 1}
      m_Offset: {x: 0, y: 0}
      m_Rotation: 0
      m_Anchor: 9
    m_Material: {fileID: 0}
    m_SubmeshIndex: 0
    m_ManualUV: 1
    elementGroup: -1
    m_TextureGroup: -1
  - m_Indexes: 050100000601000007010000
    m_SmoothingGroup: 56
    m_Uv:
      m_UseWorldSpace: 0
      m_FlipU: 0
      m_FlipV: 0
      m_SwapUV: 0
      m_Fill: 1
      m_Scale: {x: 1, y: 1}
      m_Offset: {x: 0, y: 0}
      m_Rotation: 0
      m_Anchor: 9
    m_Material: {fileID: 0}
    m_SubmeshIndex: 0
    m_ManualUV: 1
    elementGroup: -1
    m_TextureGroup: -1
  - m_Indexes: 08010000090100000a010000
    m_SmoothingGroup: 56
    m_Uv:
      m_UseWorldSpace: 0
      m_FlipU: 0
      m_FlipV: 0
      m_SwapUV: 0
      m_Fill: 1
      m_Scale: {x: 1, y: 1}
      m_Offset: {x: 0, y: 0}
      m_Rotation: 0
      m_Anchor: 9
    m_Material: {fileID: 0}
    m_SubmeshIndex: 0
    m_ManualUV: 1
    elementGroup: -1
    m_TextureGroup: -1
  - m_Indexes: 0b0100000c0100000d010000
    m_SmoothingGroup: 56
    m_Uv:
      m_UseWorldSpace: 0
      m_FlipU: 0
      m_FlipV: 0
      m_SwapUV: 0
      m_Fill: 1
      m_Scale: {x: 1, y: 1}
      m_Offset: {x: 0, y: 0}
      m_Rotation: 0
      m_Anchor: 9
    m_Material: {fileID: 0}
    m_SubmeshIndex: 0
    m_ManualUV: 1
    elementGroup: -1
    m_TextureGroup: -1
  - m_Indexes: 0e0100000f01000010010000
    m_SmoothingGroup: 56
    m_Uv:
      m_UseWorldSpace: 0
      m_FlipU: 0
      m_FlipV: 0
      m_SwapUV: 0
      m_Fill: 1
      m_Scale: {x: 1, y: 1}
      m_Offset: {x: 0, y: 0}
      m_Rotation: 0
      m_Anchor: 9
    m_Material: {fileID: 0}
    m_SubmeshIndex: 0
    m_ManualUV: 1
    elementGroup: -1
    m_TextureGroup: -1
  - m_Indexes: 110100001201000013010000
    m_SmoothingGroup: 56
    m_Uv:
      m_UseWorldSpace: 0
      m_FlipU: 0
      m_FlipV: 0
      m_SwapUV: 0
      m_Fill: 1
      m_Scale: {x: 1, y: 1}
      m_Offset: {x: 0, y: 0}
      m_Rotation: 0
      m_Anchor: 9
    m_Material: {fileID: 0}
    m_SubmeshIndex: 0
    m_ManualUV: 1
    elementGroup: -1
    m_TextureGroup: -1
  - m_Indexes: 140100001501000016010000
    m_SmoothingGroup: 57
    m_Uv:
      m_UseWorldSpace: 0
      m_FlipU: 0
      m_FlipV: 0
      m_SwapUV: 0
      m_Fill: 1
      m_Scale: {x: 1, y: 1}
      m_Offset: {x: 0, y: 0}
      m_Rotation: 0
      m_Anchor: 9
    m_Material: {fileID: 0}
    m_SubmeshIndex: 0
    m_ManualUV: 1
    elementGroup: -1
    m_TextureGroup: -1
  - m_Indexes: 170100001801000019010000
    m_SmoothingGroup: 57
    m_Uv:
      m_UseWorldSpace: 0
      m_FlipU: 0
      m_FlipV: 0
      m_SwapUV: 0
      m_Fill: 1
      m_Scale: {x: 1, y: 1}
      m_Offset: {x: 0, y: 0}
      m_Rotation: 0
      m_Anchor: 9
    m_Material: {fileID: 0}
    m_SubmeshIndex: 0
    m_ManualUV: 1
    elementGroup: -1
    m_TextureGroup: -1
  - m_Indexes: 1a0100001b0100001c010000
    m_SmoothingGroup: 58
    m_Uv:
      m_UseWorldSpace: 0
      m_FlipU: 0
      m_FlipV: 0
      m_SwapUV: 0
      m_Fill: 1
      m_Scale: {x: 1, y: 1}
      m_Offset: {x: 0, y: 0}
      m_Rotation: 0
      m_Anchor: 9
    m_Material: {fileID: 0}
    m_SubmeshIndex: 0
    m_ManualUV: 1
    elementGroup: -1
    m_TextureGroup: -1
  - m_Indexes: 1d0100001e0100001f010000
    m_SmoothingGroup: 58
    m_Uv:
      m_UseWorldSpace: 0
      m_FlipU: 0
      m_FlipV: 0
      m_SwapUV: 0
      m_Fill: 1
      m_Scale: {x: 1, y: 1}
      m_Offset: {x: 0, y: 0}
      m_Rotation: 0
      m_Anchor: 9
    m_Material: {fileID: 0}
    m_SubmeshIndex: 0
    m_ManualUV: 1
    elementGroup: -1
    m_TextureGroup: -1
  - m_Indexes: 200100002101000022010000
    m_SmoothingGroup: 59
    m_Uv:
      m_UseWorldSpace: 0
      m_FlipU: 0
      m_FlipV: 0
      m_SwapUV: 0
      m_Fill: 1
      m_Scale: {x: 1, y: 1}
      m_Offset: {x: 0, y: 0}
      m_Rotation: 0
      m_Anchor: 9
    m_Material: {fileID: 0}
    m_SubmeshIndex: 0
    m_ManualUV: 1
    elementGroup: -1
    m_TextureGroup: -1
  - m_Indexes: 230100002401000025010000
    m_SmoothingGroup: 59
    m_Uv:
      m_UseWorldSpace: 0
      m_FlipU: 0
      m_FlipV: 0
      m_SwapUV: 0
      m_Fill: 1
      m_Scale: {x: 1, y: 1}
      m_Offset: {x: 0, y: 0}
      m_Rotation: 0
      m_Anchor: 9
    m_Material: {fileID: 0}
    m_SubmeshIndex: 0
    m_ManualUV: 1
    elementGroup: -1
    m_TextureGroup: -1
  - m_Indexes: 260100002701000028010000
    m_SmoothingGroup: 60
    m_Uv:
      m_UseWorldSpace: 0
      m_FlipU: 0
      m_FlipV: 0
      m_SwapUV: 0
      m_Fill: 1
      m_Scale: {x: 1, y: 1}
      m_Offset: {x: 0, y: 0}
      m_Rotation: 0
      m_Anchor: 9
    m_Material: {fileID: 0}
    m_SubmeshIndex: 0
    m_ManualUV: 1
    elementGroup: -1
    m_TextureGroup: -1
  - m_Indexes: 290100002a0100002b010000
    m_SmoothingGroup: 60
    m_Uv:
      m_UseWorldSpace: 0
      m_FlipU: 0
      m_FlipV: 0
      m_SwapUV: 0
      m_Fill: 1
      m_Scale: {x: 1, y: 1}
      m_Offset: {x: 0, y: 0}
      m_Rotation: 0
      m_Anchor: 9
    m_Material: {fileID: 0}
    m_SubmeshIndex: 0
    m_ManualUV: 1
    elementGroup: -1
    m_TextureGroup: -1
  - m_Indexes: 2c0100002d0100002e010000
    m_SmoothingGroup: 61
    m_Uv:
      m_UseWorldSpace: 0
      m_FlipU: 0
      m_FlipV: 0
      m_SwapUV: 0
      m_Fill: 1
      m_Scale: {x: 1, y: 1}
      m_Offset: {x: 0, y: 0}
      m_Rotation: 0
      m_Anchor: 9
    m_Material: {fileID: 0}
    m_SubmeshIndex: 0
    m_ManualUV: 1
    elementGroup: -1
    m_TextureGroup: -1
  - m_Indexes: 2f0100003001000031010000
    m_SmoothingGroup: 61
    m_Uv:
      m_UseWorldSpace: 0
      m_FlipU: 0
      m_FlipV: 0
      m_SwapUV: 0
      m_Fill: 1
      m_Scale: {x: 1, y: 1}
      m_Offset: {x: 0, y: 0}
      m_Rotation: 0
      m_Anchor: 9
    m_Material: {fileID: 0}
    m_SubmeshIndex: 0
    m_ManualUV: 1
    elementGroup: -1
    m_TextureGroup: -1
  - m_Indexes: 320100003301000034010000
    m_SmoothingGroup: 61
    m_Uv:
      m_UseWorldSpace: 0
      m_FlipU: 0
      m_FlipV: 0
      m_SwapUV: 0
      m_Fill: 1
      m_Scale: {x: 1, y: 1}
      m_Offset: {x: 0, y: 0}
      m_Rotation: 0
      m_Anchor: 9
    m_Material: {fileID: 0}
    m_SubmeshIndex: 0
    m_ManualUV: 1
    elementGroup: -1
    m_TextureGroup: -1
  - m_Indexes: 350100003601000037010000
    m_SmoothingGroup: 61
    m_Uv:
      m_UseWorldSpace: 0
      m_FlipU: 0
      m_FlipV: 0
      m_SwapUV: 0
      m_Fill: 1
      m_Scale: {x: 1, y: 1}
      m_Offset: {x: 0, y: 0}
      m_Rotation: 0
      m_Anchor: 9
    m_Material: {fileID: 0}
    m_SubmeshIndex: 0
    m_ManualUV: 1
    elementGroup: -1
    m_TextureGroup: -1
  - m_Indexes: 38010000390100003a010000
    m_SmoothingGroup: 61
    m_Uv:
      m_UseWorldSpace: 0
      m_FlipU: 0
      m_FlipV: 0
      m_SwapUV: 0
      m_Fill: 1
      m_Scale: {x: 1, y: 1}
      m_Offset: {x: 0, y: 0}
      m_Rotation: 0
      m_Anchor: 9
    m_Material: {fileID: 0}
    m_SubmeshIndex: 0
    m_ManualUV: 1
    elementGroup: -1
    m_TextureGroup: -1
  - m_Indexes: 3b0100003c0100003d010000
    m_SmoothingGroup: 61
    m_Uv:
      m_UseWorldSpace: 0
      m_FlipU: 0
      m_FlipV: 0
      m_SwapUV: 0
      m_Fill: 1
      m_Scale: {x: 1, y: 1}
      m_Offset: {x: 0, y: 0}
      m_Rotation: 0
      m_Anchor: 9
    m_Material: {fileID: 0}
    m_SubmeshIndex: 0
    m_ManualUV: 1
    elementGroup: -1
    m_TextureGroup: -1
  - m_Indexes: 3e0100003f01000040010000
    m_SmoothingGroup: 61
    m_Uv:
      m_UseWorldSpace: 0
      m_FlipU: 0
      m_FlipV: 0
      m_SwapUV: 0
      m_Fill: 1
      m_Scale: {x: 1, y: 1}
      m_Offset: {x: 0, y: 0}
      m_Rotation: 0
      m_Anchor: 9
    m_Material: {fileID: 0}
    m_SubmeshIndex: 0
    m_ManualUV: 1
    elementGroup: -1
    m_TextureGroup: -1
  - m_Indexes: 410100004201000043010000
    m_SmoothingGroup: 61
    m_Uv:
      m_UseWorldSpace: 0
      m_FlipU: 0
      m_FlipV: 0
      m_SwapUV: 0
      m_Fill: 1
      m_Scale: {x: 1, y: 1}
      m_Offset: {x: 0, y: 0}
      m_Rotation: 0
      m_Anchor: 9
    m_Material: {fileID: 0}
    m_SubmeshIndex: 0
    m_ManualUV: 1
    elementGroup: -1
    m_TextureGroup: -1
  - m_Indexes: 440100004501000046010000
    m_SmoothingGroup: 61
    m_Uv:
      m_UseWorldSpace: 0
      m_FlipU: 0
      m_FlipV: 0
      m_SwapUV: 0
      m_Fill: 1
      m_Scale: {x: 1, y: 1}
      m_Offset: {x: 0, y: 0}
      m_Rotation: 0
      m_Anchor: 9
    m_Material: {fileID: 0}
    m_SubmeshIndex: 0
    m_ManualUV: 1
    elementGroup: -1
    m_TextureGroup: -1
  - m_Indexes: 470100004801000049010000
    m_SmoothingGroup: 61
    m_Uv:
      m_UseWorldSpace: 0
      m_FlipU: 0
      m_FlipV: 0
      m_SwapUV: 0
      m_Fill: 1
      m_Scale: {x: 1, y: 1}
      m_Offset: {x: 0, y: 0}
      m_Rotation: 0
      m_Anchor: 9
    m_Material: {fileID: 0}
    m_SubmeshIndex: 0
    m_ManualUV: 1
    elementGroup: -1
    m_TextureGroup: -1
  - m_Indexes: 4a0100004b0100004c010000
    m_SmoothingGroup: 61
    m_Uv:
      m_UseWorldSpace: 0
      m_FlipU: 0
      m_FlipV: 0
      m_SwapUV: 0
      m_Fill: 1
      m_Scale: {x: 1, y: 1}
      m_Offset: {x: 0, y: 0}
      m_Rotation: 0
      m_Anchor: 9
    m_Material: {fileID: 0}
    m_SubmeshIndex: 0
    m_ManualUV: 1
    elementGroup: -1
    m_TextureGroup: -1
  - m_Indexes: 4d0100004e0100004f010000
    m_SmoothingGroup: 61
    m_Uv:
      m_UseWorldSpace: 0
      m_FlipU: 0
      m_FlipV: 0
      m_SwapUV: 0
      m_Fill: 1
      m_Scale: {x: 1, y: 1}
      m_Offset: {x: 0, y: 0}
      m_Rotation: 0
      m_Anchor: 9
    m_Material: {fileID: 0}
    m_SubmeshIndex: 0
    m_ManualUV: 1
    elementGroup: -1
    m_TextureGroup: -1
  - m_Indexes: 500100005101000052010000
    m_SmoothingGroup: 61
    m_Uv:
      m_UseWorldSpace: 0
      m_FlipU: 0
      m_FlipV: 0
      m_SwapUV: 0
      m_Fill: 1
      m_Scale: {x: 1, y: 1}
      m_Offset: {x: 0, y: 0}
      m_Rotation: 0
      m_Anchor: 9
    m_Material: {fileID: 0}
    m_SubmeshIndex: 0
    m_ManualUV: 1
    elementGroup: -1
    m_TextureGroup: -1
  - m_Indexes: 530100005401000055010000
    m_SmoothingGroup: 61
    m_Uv:
      m_UseWorldSpace: 0
      m_FlipU: 0
      m_FlipV: 0
      m_SwapUV: 0
      m_Fill: 1
      m_Scale: {x: 1, y: 1}
      m_Offset: {x: 0, y: 0}
      m_Rotation: 0
      m_Anchor: 9
    m_Material: {fileID: 0}
    m_SubmeshIndex: 0
    m_ManualUV: 1
    elementGroup: -1
    m_TextureGroup: -1
  - m_Indexes: 560100005701000058010000
    m_SmoothingGroup: 61
    m_Uv:
      m_UseWorldSpace: 0
      m_FlipU: 0
      m_FlipV: 0
      m_SwapUV: 0
      m_Fill: 1
      m_Scale: {x: 1, y: 1}
      m_Offset: {x: 0, y: 0}
      m_Rotation: 0
      m_Anchor: 9
    m_Material: {fileID: 0}
    m_SubmeshIndex: 0
    m_ManualUV: 1
    elementGroup: -1
    m_TextureGroup: -1
  - m_Indexes: 590100005a0100005b010000
    m_SmoothingGroup: 61
    m_Uv:
      m_UseWorldSpace: 0
      m_FlipU: 0
      m_FlipV: 0
      m_SwapUV: 0
      m_Fill: 1
      m_Scale: {x: 1, y: 1}
      m_Offset: {x: 0, y: 0}
      m_Rotation: 0
      m_Anchor: 9
    m_Material: {fileID: 0}
    m_SubmeshIndex: 0
    m_ManualUV: 1
    elementGroup: -1
    m_TextureGroup: -1
  - m_Indexes: 5c0100005d0100005e010000
    m_SmoothingGroup: 61
    m_Uv:
      m_UseWorldSpace: 0
      m_FlipU: 0
      m_FlipV: 0
      m_SwapUV: 0
      m_Fill: 1
      m_Scale: {x: 1, y: 1}
      m_Offset: {x: 0, y: 0}
      m_Rotation: 0
      m_Anchor: 9
    m_Material: {fileID: 0}
    m_SubmeshIndex: 0
    m_ManualUV: 1
    elementGroup: -1
    m_TextureGroup: -1
  - m_Indexes: 5f0100006001000061010000
    m_SmoothingGroup: 61
    m_Uv:
      m_UseWorldSpace: 0
      m_FlipU: 0
      m_FlipV: 0
      m_SwapUV: 0
      m_Fill: 1
      m_Scale: {x: 1, y: 1}
      m_Offset: {x: 0, y: 0}
      m_Rotation: 0
      m_Anchor: 9
    m_Material: {fileID: 0}
    m_SubmeshIndex: 0
    m_ManualUV: 1
    elementGroup: -1
    m_TextureGroup: -1
  - m_Indexes: 620100006301000064010000
    m_SmoothingGroup: 62
    m_Uv:
      m_UseWorldSpace: 0
      m_FlipU: 0
      m_FlipV: 0
      m_SwapUV: 0
      m_Fill: 1
      m_Scale: {x: 1, y: 1}
      m_Offset: {x: 0, y: 0}
      m_Rotation: 0
      m_Anchor: 9
    m_Material: {fileID: 0}
    m_SubmeshIndex: 0
    m_ManualUV: 1
    elementGroup: -1
    m_TextureGroup: -1
  - m_Indexes: 650100006601000067010000
    m_SmoothingGroup: 62
    m_Uv:
      m_UseWorldSpace: 0
      m_FlipU: 0
      m_FlipV: 0
      m_SwapUV: 0
      m_Fill: 1
      m_Scale: {x: 1, y: 1}
      m_Offset: {x: 0, y: 0}
      m_Rotation: 0
      m_Anchor: 9
    m_Material: {fileID: 0}
    m_SubmeshIndex: 0
    m_ManualUV: 1
    elementGroup: -1
    m_TextureGroup: -1
  - m_Indexes: 68010000690100006a010000
    m_SmoothingGroup: 63
    m_Uv:
      m_UseWorldSpace: 0
      m_FlipU: 0
      m_FlipV: 0
      m_SwapUV: 0
      m_Fill: 1
      m_Scale: {x: 1, y: 1}
      m_Offset: {x: 0, y: 0}
      m_Rotation: 0
      m_Anchor: 9
    m_Material: {fileID: 0}
    m_SubmeshIndex: 0
    m_ManualUV: 1
    elementGroup: -1
    m_TextureGroup: -1
  - m_Indexes: 6b0100006c0100006d010000
    m_SmoothingGroup: 63
    m_Uv:
      m_UseWorldSpace: 0
      m_FlipU: 0
      m_FlipV: 0
      m_SwapUV: 0
      m_Fill: 1
      m_Scale: {x: 1, y: 1}
      m_Offset: {x: 0, y: 0}
      m_Rotation: 0
      m_Anchor: 9
    m_Material: {fileID: 0}
    m_SubmeshIndex: 0
    m_ManualUV: 1
    elementGroup: -1
    m_TextureGroup: -1
  - m_Indexes: 6e0100006f01000070010000
    m_SmoothingGroup: 64
    m_Uv:
      m_UseWorldSpace: 0
      m_FlipU: 0
      m_FlipV: 0
      m_SwapUV: 0
      m_Fill: 1
      m_Scale: {x: 1, y: 1}
      m_Offset: {x: 0, y: 0}
      m_Rotation: 0
      m_Anchor: 9
    m_Material: {fileID: 0}
    m_SubmeshIndex: 0
    m_ManualUV: 1
    elementGroup: -1
    m_TextureGroup: -1
  - m_Indexes: 710100007201000073010000
    m_SmoothingGroup: 64
    m_Uv:
      m_UseWorldSpace: 0
      m_FlipU: 0
      m_FlipV: 0
      m_SwapUV: 0
      m_Fill: 1
      m_Scale: {x: 1, y: 1}
      m_Offset: {x: 0, y: 0}
      m_Rotation: 0
      m_Anchor: 9
    m_Material: {fileID: 0}
    m_SubmeshIndex: 0
    m_ManualUV: 1
    elementGroup: -1
    m_TextureGroup: -1
  m_SharedVertices:
  - m_Vertices: 0000000004000000860000008900000035010000
  - m_Vertices: 0100000085000000e8000000
  - m_Vertices: 0200000005000000ae000000e4000000e7000000ea000000ed000000f0000000fa000000
  - m_Vertices: 03000000b0000000b30000003301000036010000390100003c0100004501000047010000
  - m_Vertices: 060000000a0000007a0000007d0000002c010000
  - m_Vertices: 0700000079000000df000000
  - m_Vertices: 080000000b0000008400000088000000de000000e2000000e5000000e9000000
  - m_Vertices: 09000000870000002d0100002f0100003201000037010000
  - m_Vertices: 0c00000010000000b2000000480100004a0100004d010000
  - m_Vertices: 0d000000af000000b1000000f9000000fd00000000010000
  - m_Vertices: 0e00000011000000c0000000ff00000003010000
  - m_Vertices: 0f000000c2000000c50000004e01000050010000
  - m_Vertices: 12000000160000006e0000007100000026010000
  - m_Vertices: 130000006d000000d9000000
  - m_Vertices: 140000001700000036000000780000007c000000a2000000d8000000dc000000e0000000e3000000
  - m_Vertices: 1500000037000000390000007b000000a4000000a700000027010000290100002e01000031010000
  - m_Vertices: 180000001c00000040000000980000009b000000c40000005101000068010000
  - m_Vertices: 190000003e0000004100000097000000c1000000c3000000020100001b010000
  - m_Vertices: 1a0000001d000000cc0000001a0100001e010000
  - m_Vertices: 1b000000ce000000d1000000690100006b010000
  - m_Vertices: 1e00000022000000800000008300000041010000
  - m_Vertices: 1f0000007f000000f7000000
  - m_Vertices: 20000000230000008a0000008e000000ec000000ee000000f4000000f6000000
  - m_Vertices: 210000008d0000003a0100003b0100003e01000042010000
  - m_Vertices: 2400000028000000b800000054010000560100005c010000
  - m_Vertices: 25000000b5000000b700000005010000090100000f010000
  - m_Vertices: 2600000029000000c60000000e01000012010000
  - m_Vertices: 27000000c8000000cb0000005d0100005f010000
  - m_Vertices: 2a0000002e000000740000007700000062010000
  - m_Vertices: 2b0000007300000015010000
  - m_Vertices: 2c0000002f0000004e0000007e00000082000000a8000000f5000000f80000001401000018010000
  - m_Vertices: 2d0000004f0000005100000081000000aa000000ad00000040010000430100006301000065010000
  - m_Vertices: 3000000034000000580000009e000000a1000000ca000000600100006e010000
  - m_Vertices: 3100000056000000590000009d000000c7000000c90000001101000021010000
  - m_Vertices: 3200000035000000d20000002001000024010000
  - m_Vertices: 33000000d4000000d70000006f01000071010000
  - m_Vertices: 380000003b0000008b000000e1000000e6000000eb000000
  - m_Vertices: 3a0000008c0000008f000000300100003401000038010000
  - m_Vertices: 3c000000b4000000fc000000010100000401000006010000
  - m_Vertices: 3d0000003f000000b6000000b90000004b0100004f0100005201000053010000
  - m_Vertices: 420000006c00000070000000da000000dd000000
  - m_Vertices: 43000000450000006f000000280100002b010000
  - m_Vertices: 4400000047000000a3000000a5000000db000000
  - m_Vertices: 46000000a60000002a010000
  - m_Vertices: 48000000960000009a0000001c0100001f010000
  - m_Vertices: 490000004b000000990000006a0100006d010000
  - m_Vertices: 4a0000004d000000cd000000cf0000001d010000
  - m_Vertices: 4c000000d00000006c010000
  - m_Vertices: 500000005300000091000000ef000000f1000000f3000000
  - m_Vertices: 5200000092000000950000003d0100003f01000044010000
  - m_Vertices: 54000000ba000000080100000c0100001001000013010000
  - m_Vertices: 5500000057000000bc000000bf00000057010000590100005e01000061010000
  - m_Vertices: 5a00000072000000760000001601000019010000
  - m_Vertices: 5b0000005d000000750000006401000067010000
  - m_Vertices: 5c0000005f000000a9000000ab00000017010000
  - m_Vertices: 5e000000ac00000066010000
  - m_Vertices: 600000009000000094000000f2000000fb000000fe000000070100000a0100000d010000
  - m_Vertices: 61000000630000009300000046010000490100004c01000055010000580100005b010000
  - m_Vertices: 6200000065000000bb000000bd0000000b010000
  - m_Vertices: 64000000be0000005a010000
  - m_Vertices: 660000009c000000a00000002201000025010000
  - m_Vertices: 67000000690000009f0000007001000073010000
  - m_Vertices: 680000006b000000d3000000d500000023010000
  - m_Vertices: 6a000000d600000072010000
  m_SharedTextures: []
  m_Positions:
  - {x: 0.39999998, y: 0.05000019, z: 0.049999923}
  - {x: 0.39999998, y: -0.049999833, z: 0.049999923}
  - {x: 0.39999998, y: -0.049999833, z: -0.05000007}
  - {x: 0.39999998, y: 0.05000019, z: -0.05000007}
  - {x: 0.39999998, y: 0.05000019, z: 0.049999923}
  - {x: 0.39999998, y: -0.049999833, z: -0.05000007}
  - {x: 0.099999964, y: 0.05000019, z: 0.14999992}
  - {x: 0.099999964, y: -0.049999833, z: 0.14999992}
  - {x: 0.099999964, y: -0.049999833, z: 0.049999923}
  - {x: 0.099999964, y: 0.05000019, z: 0.049999923}
  - {x: 0.099999964, y: 0.05000019, z: 0.14999992}
  - {x: 0.099999964, y: -0.049999833, z: 0.049999923}
  - {x: 0.099999964, y: 0.05000019, z: -0.05000007}
  - {x: 0.099999964, y: -0.049999833, z: -0.05000007}
  - {x: 0.099999964, y: -0.049999833, z: -0.1500001}
  - {x: 0.099999964, y: 0.05000019, z: -0.1500001}
  - {x: 0.099999964, y: 0.05000019, z: -0.05000007}
  - {x: 0.099999964, y: -0.049999833, z: -0.1500001}
  - {x: -0.000000029802322, y: 0.05000019, z: 0.24999993}
  - {x: -0.000000029802322, y: -0.049999833, z: 0.24999993}
  - {x: -0.000000029802322, y: -0.049999833, z: 0.14999992}
  - {x: -0.000000029802322, y: 0.05000019, z: 0.14999992}
  - {x: -0.000000029802322, y: 0.05000019, z: 0.24999993}
  - {x: -0.000000029802322, y: -0.049999833, z: 0.14999992}
  - {x: -0.000000029802322, y: 0.05000019, z: -0.1500001}
  - {x: -0.000000029802322, y: -0.049999833, z: -0.1500001}
  - {x: -0.000000029802322, y: -0.049999833, z: -0.25000006}
  - {x: -0.000000029802322, y: 0.05000019, z: -0.25000006}
  - {x: -0.000000029802322, y: 0.05000019, z: -0.1500001}
  - {x: -0.000000029802322, y: -0.049999833, z: -0.25000006}
  - {x: -0.20000005, y: 0.05000019, z: 0.14999992}
  - {x: -0.20000005, y: -0.049999833, z: 0.14999992}
  - {x: -0.20000005, y: -0.049999833, z: 0.049999923}
  - {x: -0.20000005, y: 0.05000019, z: 0.049999923}
  - {x: -0.20000005, y: 0.05000019, z: 0.14999992}
  - {x: -0.20000005, y: -0.049999833, z: 0.049999923}
  - {x: -0.20000005, y: 0.05000019, z: -0.05000007}
  - {x: -0.20000005, y: -0.049999833, z: -0.05000007}
  - {x: -0.20000005, y: -0.049999833, z: -0.1500001}
  - {x: -0.20000005, y: 0.05000019, z: -0.1500001}
  - {x: -0.20000005, y: 0.05000019, z: -0.05000007}
  - {x: -0.20000005, y: -0.049999833, z: -0.1500001}
  - {x: -0.3, y: 0.05000019, z: 0.24999993}
  - {x: -0.3, y: -0.049999833, z: 0.24999993}
  - {x: -0.3, y: -0.049999833, z: 0.14999992}
  - {x: -0.3, y: 0.05000019, z: 0.14999992}
  - {x: -0.3, y: 0.05000019, z: 0.24999993}
  - {x: -0.3, y: -0.049999833, z: 0.14999992}
  - {x: -0.3, y: 0.05000019, z: -0.1500001}
  - {x: -0.3, y: -0.049999833, z: -0.1500001}
  - {x: -0.3, y: -0.049999833, z: -0.25000006}
  - {x: -0.3, y: 0.05000019, z: -0.25000006}
  - {x: -0.3, y: 0.05000019, z: -0.1500001}
  - {x: -0.3, y: -0.049999833, z: -0.25000006}
  - {x: -0.000000029802322, y: -0.049999833, z: 0.14999992}
  - {x: -0.000000029802322, y: 0.05000019, z: 0.14999992}
  - {x: -0.000000029802322, y: -0.049999833, z: 0.049999923}
  - {x: -0.000000029802322, y: 0.05000019, z: 0.14999992}
  - {x: -0.000000029802322, y: 0.05000019, z: 0.049999923}
  - {x: -0.000000029802322, y: -0.049999833, z: 0.049999923}
  - {x: -0.000000029802322, y: -0.049999833, z: -0.05000007}
  - {x: -0.000000029802322, y: 0.05000019, z: -0.05000007}
  - {x: -0.000000029802322, y: -0.049999833, z: -0.1500001}
  - {x: -0.000000029802322, y: 0.05000019, z: -0.05000007}
  - {x: -0.000000029802322, y: 0.05000019, z: -0.1500001}
  - {x: -0.000000029802322, y: -0.049999833, z: -0.1500001}
  - {x: -0.100000024, y: -0.049999833, z: 0.24999993}
  - {x: -0.100000024, y: 0.05000019, z: 0.24999993}
  - {x: -0.100000024, y: -0.049999833, z: 0.14999992}
  - {x: -0.100000024, y: 0.05000019, z: 0.24999993}
  - {x: -0.100000024, y: 0.05000019, z: 0.14999992}
  - {x: -0.100000024, y: -0.049999833, z: 0.14999992}
  - {x: -0.100000024, y: -0.049999833, z: -0.1500001}
  - {x: -0.100000024, y: 0.05000019, z: -0.1500001}
  - {x: -0.100000024, y: -0.049999833, z: -0.25000006}
  - {x: -0.100000024, y: 0.05000019, z: -0.1500001}
  - {x: -0.100000024, y: 0.05000019, z: -0.25000006}
  - {x: -0.100000024, y: -0.049999833, z: -0.25000006}
  - {x: -0.3, y: -0.049999833, z: 0.14999992}
  - {x: -0.3, y: 0.05000019, z: 0.14999992}
  - {x: -0.3, y: -0.049999833, z: 0.049999923}
  - {x: -0.3, y: 0.05000019, z: 0.14999992}
  - {x: -0.3, y: 0.05000019, z: 0.049999923}
  - {x: -0.3, y: -0.049999833, z: 0.049999923}
  - {x: -0.3, y: -0.049999833, z: -0.05000007}
  - {x: -0.3, y: 0.05000019, z: -0.05000007}
  - {x: -0.3, y: -0.049999833, z: -0.1500001}
  - {x: -0.3, y: 0.05000019, z: -0.05000007}
  - {x: -0.3, y: 0.05000019, z: -0.1500001}
  - {x: -0.3, y: -0.049999833, z: -0.1500001}
  - {x: -0.40000004, y: -0.049999833, z: 0.24999993}
  - {x: -0.40000004, y: 0.05000019, z: 0.24999993}
  - {x: -0.40000004, y: -0.049999833, z: 0.14999992}
  - {x: -0.40000004, y: 0.05000019, z: 0.24999993}
  - {x: -0.40000004, y: 0.05000019, z: 0.14999992}
  - {x: -0.40000004, y: -0.049999833, z: 0.14999992}
  - {x: -0.40000004, y: -0.049999833, z: 0.049999923}
  - {x: -0.40000004, y: 0.05000019, z: 0.049999923}
  - {x: -0.40000004, y: -0.049999833, z: -0.05000007}
  - {x: -0.40000004, y: 0.05000019, z: 0.049999923}
  - {x: -0.40000004, y: 0.05000019, z: -0.05000007}
  - {x: -0.40000004, y: -0.049999833, z: -0.05000007}
  - {x: -0.40000004, y: -0.049999833, z: -0.1500001}
  - {x: -0.40000004, y: 0.05000019, z: -0.1500001}
  - {x: -0.40000004, y: -0.049999833, z: -0.25000006}
  - {x: -0.40000004, y: 0.05000019, z: -0.1500001}
  - {x: -0.40000004, y: 0.05000019, z: -0.25000006}
  - {x: -0.40000004, y: -0.049999833, z: -0.25000006}
  - {x: -0.100000024, y: -0.049999833, z: 0.24999993}
  - {x: -0.000000029802322, y: -0.049999833, z: 0.24999993}
  - {x: -0.000000029802322, y: 0.05000019, z: 0.24999993}
  - {x: -0.100000024, y: 0.05000019, z: 0.24999993}
  - {x: -0.100000024, y: -0.049999833, z: 0.24999993}
  - {x: -0.000000029802322, y: 0.05000019, z: 0.24999993}
  - {x: -0.40000004, y: -0.049999833, z: 0.24999993}
  - {x: -0.3, y: -0.049999833, z: 0.24999993}
  - {x: -0.3, y: 0.05000019, z: 0.24999993}
  - {x: -0.40000004, y: 0.05000019, z: 0.24999993}
  - {x: -0.40000004, y: -0.049999833, z: 0.24999993}
  - {x: -0.3, y: 0.05000019, z: 0.24999993}
  - {x: -0.000000029802322, y: -0.049999833, z: 0.14999992}
  - {x: 0.099999964, y: -0.049999833, z: 0.14999992}
  - {x: 0.099999964, y: 0.05000019, z: 0.14999992}
  - {x: -0.000000029802322, y: 0.05000019, z: 0.14999992}
  - {x: -0.000000029802322, y: -0.049999833, z: 0.14999992}
  - {x: 0.099999964, y: 0.05000019, z: 0.14999992}
  - {x: -0.3, y: -0.049999833, z: 0.14999992}
  - {x: -0.20000005, y: -0.049999833, z: 0.14999992}
  - {x: -0.20000005, y: 0.05000019, z: 0.14999992}
  - {x: -0.3, y: 0.05000019, z: 0.14999992}
  - {x: -0.3, y: -0.049999833, z: 0.14999992}
  - {x: -0.20000005, y: 0.05000019, z: 0.14999992}
  - {x: 0.099999964, y: -0.049999833, z: 0.049999923}
  - {x: 0.39999998, y: -0.049999833, z: 0.049999923}
  - {x: 0.39999998, y: 0.05000019, z: 0.049999923}
  - {x: 0.099999964, y: 0.05000019, z: 0.049999923}
  - {x: 0.099999964, y: -0.049999833, z: 0.049999923}
  - {x: 0.39999998, y: 0.05000019, z: 0.049999923}
  - {x: -0.20000005, y: -0.049999833, z: 0.049999923}
  - {x: -0.000000029802322, y: -0.049999833, z: 0.049999923}
  - {x: -0.000000029802322, y: 0.05000019, z: 0.049999923}
  - {x: -0.20000005, y: 0.05000019, z: 0.049999923}
  - {x: -0.20000005, y: -0.049999833, z: 0.049999923}
  - {x: -0.000000029802322, y: 0.05000019, z: 0.049999923}
  - {x: -0.40000004, y: -0.049999833, z: 0.049999923}
  - {x: -0.3, y: -0.049999833, z: 0.049999923}
  - {x: -0.3, y: 0.05000019, z: 0.049999923}
  - {x: -0.40000004, y: 0.05000019, z: 0.049999923}
  - {x: -0.40000004, y: -0.049999833, z: 0.049999923}
  - {x: -0.3, y: 0.05000019, z: 0.049999923}
  - {x: -0.100000024, y: -0.049999833, z: -0.1500001}
  - {x: -0.000000029802322, y: -0.049999833, z: -0.1500001}
  - {x: -0.000000029802322, y: 0.05000019, z: -0.1500001}
  - {x: -0.100000024, y: 0.05000019, z: -0.1500001}
  - {x: -0.100000024, y: -0.049999833, z: -0.1500001}
  - {x: -0.000000029802322, y: 0.05000019, z: -0.1500001}
  - {x: -0.40000004, y: -0.049999833, z: -0.1500001}
  - {x: -0.3, y: -0.049999833, z: -0.1500001}
  - {x: -0.3, y: 0.05000019, z: -0.1500001}
  - {x: -0.40000004, y: 0.05000019, z: -0.1500001}
  - {x: -0.40000004, y: -0.049999833, z: -0.1500001}
  - {x: -0.3, y: 0.05000019, z: -0.1500001}
  - {x: -0.000000029802322, y: -0.049999833, z: 0.14999992}
  - {x: -0.100000024, y: -0.049999833, z: 0.14999992}
  - {x: -0.000000029802322, y: 0.05000019, z: 0.14999992}
  - {x: -0.100000024, y: -0.049999833, z: 0.14999992}
  - {x: -0.100000024, y: 0.05000019, z: 0.14999992}
  - {x: -0.000000029802322, y: 0.05000019, z: 0.14999992}
  - {x: -0.3, y: -0.049999833, z: 0.14999992}
  - {x: -0.40000004, y: -0.049999833, z: 0.14999992}
  - {x: -0.3, y: 0.05000019, z: 0.14999992}
  - {x: -0.40000004, y: -0.049999833, z: 0.14999992}
  - {x: -0.40000004, y: 0.05000019, z: 0.14999992}
  - {x: -0.3, y: 0.05000019, z: 0.14999992}
  - {x: 0.39999998, y: -0.049999833, z: -0.05000007}
  - {x: 0.099999964, y: -0.049999833, z: -0.05000007}
  - {x: 0.39999998, y: 0.05000019, z: -0.05000007}
  - {x: 0.099999964, y: -0.049999833, z: -0.05000007}
  - {x: 0.099999964, y: 0.05000019, z: -0.05000007}
  - {x: 0.39999998, y: 0.05000019, z: -0.05000007}
  - {x: -0.000000029802322, y: -0.049999833, z: -0.05000007}
  - {x: -0.20000005, y: -0.049999833, z: -0.05000007}
  - {x: -0.000000029802322, y: 0.05000019, z: -0.05000007}
  - {x: -0.20000005, y: -0.049999833, z: -0.05000007}
  - {x: -0.20000005, y: 0.05000019, z: -0.05000007}
  - {x: -0.000000029802322, y: 0.05000019, z: -0.05000007}
  - {x: -0.3, y: -0.049999833, z: -0.05000007}
  - {x: -0.40000004, y: -0.049999833, z: -0.05000007}
  - {x: -0.3, y: 0.05000019, z: -0.05000007}
  - {x: -0.40000004, y: -0.049999833, z: -0.05000007}
  - {x: -0.40000004, y: 0.05000019, z: -0.05000007}
  - {x: -0.3, y: 0.05000019, z: -0.05000007}
  - {x: 0.099999964, y: -0.049999833, z: -0.1500001}
  - {x: -0.000000029802322, y: -0.049999833, z: -0.1500001}
  - {x: 0.099999964, y: 0.05000019, z: -0.1500001}
  - {x: -0.000000029802322, y: -0.049999833, z: -0.1500001}
  - {x: -0.000000029802322, y: 0.05000019, z: -0.1500001}
  - {x: 0.099999964, y: 0.05000019, z: -0.1500001}
  - {x: -0.20000005, y: -0.049999833, z: -0.1500001}
  - {x: -0.3, y: -0.049999833, z: -0.1500001}
  - {x: -0.20000005, y: 0.05000019, z: -0.1500001}
  - {x: -0.3, y: -0.049999833, z: -0.1500001}
  - {x: -0.3, y: 0.05000019, z: -0.1500001}
  - {x: -0.20000005, y: 0.05000019, z: -0.1500001}
  - {x: -0.000000029802322, y: -0.049999833, z: -0.25000006}
  - {x: -0.100000024, y: -0.049999833, z: -0.25000006}
  - {x: -0.000000029802322, y: 0.05000019, z: -0.25000006}
  - {x: -0.100000024, y: -0.049999833, z: -0.25000006}
  - {x: -0.100000024, y: 0.05000019, z: -0.25000006}
  - {x: -0.000000029802322, y: 0.05000019, z: -0.25000006}
  - {x: -0.3, y: -0.049999833, z: -0.25000006}
  - {x: -0.40000004, y: -0.049999833, z: -0.25000006}
  - {x: -0.3, y: 0.05000019, z: -0.25000006}
  - {x: -0.40000004, y: -0.049999833, z: -0.25000006}
  - {x: -0.40000004, y: 0.05000019, z: -0.25000006}
  - {x: -0.3, y: 0.05000019, z: -0.25000006}
  - {x: -0.000000029802322, y: -0.049999833, z: 0.14999992}
  - {x: -0.000000029802322, y: -0.049999833, z: 0.24999993}
  - {x: -0.100000024, y: -0.049999833, z: 0.24999993}
  - {x: -0.100000024, y: -0.049999833, z: 0.14999992}
  - {x: -0.000000029802322, y: -0.049999833, z: 0.14999992}
  - {x: -0.100000024, y: -0.049999833, z: 0.24999993}
  - {x: 0.099999964, y: -0.049999833, z: 0.049999923}
  - {x: 0.099999964, y: -0.049999833, z: 0.14999992}
  - {x: -0.000000029802322, y: -0.049999833, z: 0.14999992}
  - {x: -0.000000029802322, y: -0.049999833, z: 0.049999923}
  - {x: 0.099999964, y: -0.049999833, z: 0.049999923}
  - {x: -0.000000029802322, y: -0.049999833, z: 0.14999992}
  - {x: 0.39999998, y: -0.049999833, z: -0.05000007}
  - {x: 0.099999964, y: -0.049999833, z: 0.049999923}
  - {x: -0.000000029802322, y: -0.049999833, z: 0.049999923}
  - {x: 0.39999998, y: -0.049999833, z: -0.05000007}
  - {x: 0.39999998, y: -0.049999833, z: 0.049999923}
  - {x: 0.099999964, y: -0.049999833, z: 0.049999923}
  - {x: 0.39999998, y: -0.049999833, z: -0.05000007}
  - {x: -0.000000029802322, y: -0.049999833, z: 0.049999923}
  - {x: -0.20000005, y: -0.049999833, z: 0.049999923}
  - {x: 0.39999998, y: -0.049999833, z: -0.05000007}
  - {x: -0.20000005, y: -0.049999833, z: 0.049999923}
  - {x: -0.3, y: -0.049999833, z: 0.049999923}
  - {x: 0.39999998, y: -0.049999833, z: -0.05000007}
  - {x: -0.3, y: -0.049999833, z: 0.049999923}
  - {x: -0.40000004, y: -0.049999833, z: 0.049999923}
  - {x: -0.3, y: -0.049999833, z: 0.049999923}
  - {x: -0.20000005, y: -0.049999833, z: 0.049999923}
  - {x: -0.3, y: -0.049999833, z: 0.14999992}
  - {x: -0.20000005, y: -0.049999833, z: 0.049999923}
  - {x: -0.20000005, y: -0.049999833, z: 0.14999992}
  - {x: -0.3, y: -0.049999833, z: 0.14999992}
  - {x: 0.099999964, y: -0.049999833, z: -0.05000007}
  - {x: 0.39999998, y: -0.049999833, z: -0.05000007}
  - {x: -0.40000004, y: -0.049999833, z: 0.049999923}
  - {x: -0.000000029802322, y: -0.049999833, z: -0.05000007}
  - {x: 0.099999964, y: -0.049999833, z: -0.05000007}
  - {x: -0.40000004, y: -0.049999833, z: 0.049999923}
  - {x: 0.099999964, y: -0.049999833, z: -0.1500001}
  - {x: 0.099999964, y: -0.049999833, z: -0.05000007}
  - {x: -0.000000029802322, y: -0.049999833, z: -0.05000007}
  - {x: -0.000000029802322, y: -0.049999833, z: -0.1500001}
  - {x: 0.099999964, y: -0.049999833, z: -0.1500001}
  - {x: -0.000000029802322, y: -0.049999833, z: -0.05000007}
  - {x: -0.20000005, y: -0.049999833, z: -0.05000007}
  - {x: -0.000000029802322, y: -0.049999833, z: -0.05000007}
  - {x: -0.40000004, y: -0.049999833, z: 0.049999923}
  - {x: -0.3, y: -0.049999833, z: -0.05000007}
  - {x: -0.20000005, y: -0.049999833, z: -0.05000007}
  - {x: -0.40000004, y: -0.049999833, z: 0.049999923}
  - {x: -0.40000004, y: -0.049999833, z: -0.05000007}
  - {x: -0.3, y: -0.049999833, z: -0.05000007}
  - {x: -0.40000004, y: -0.049999833, z: 0.049999923}
  - {x: -0.20000005, y: -0.049999833, z: -0.1500001}
  - {x: -0.20000005, y: -0.049999833, z: -0.05000007}
  - {x: -0.3, y: -0.049999833, z: -0.05000007}
  - {x: -0.3, y: -0.049999833, z: -0.1500001}
  - {x: -0.20000005, y: -0.049999833, z: -0.1500001}
  - {x: -0.3, y: -0.049999833, z: -0.05000007}
  - {x: -0.3, y: -0.049999833, z: 0.14999992}
  - {x: -0.3, y: -0.049999833, z: 0.24999993}
  - {x: -0.40000004, y: -0.049999833, z: 0.24999993}
  - {x: -0.40000004, y: -0.049999833, z: 0.14999992}
  - {x: -0.3, y: -0.049999833, z: 0.14999992}
  - {x: -0.40000004, y: -0.049999833, z: 0.24999993}
  - {x: -0.000000029802322, y: -0.049999833, z: -0.25000006}
  - {x: -0.000000029802322, y: -0.049999833, z: -0.1500001}
  - {x: -0.100000024, y: -0.049999833, z: -0.1500001}
  - {x: -0.100000024, y: -0.049999833, z: -0.25000006}
  - {x: -0.000000029802322, y: -0.049999833, z: -0.25000006}
  - {x: -0.100000024, y: -0.049999833, z: -0.1500001}
  - {x: -0.3, y: -0.049999833, z: -0.25000006}
  - {x: -0.3, y: -0.049999833, z: -0.1500001}
  - {x: -0.40000004, y: -0.049999833, z: -0.1500001}
  - {x: -0.40000004, y: -0.049999833, z: -0.25000006}
  - {x: -0.3, y: -0.049999833, z: -0.25000006}
  - {x: -0.40000004, y: -0.049999833, z: -0.1500001}
  - {x: -0.000000029802322, y: 0.05000019, z: 0.24999993}
  - {x: -0.000000029802322, y: 0.05000019, z: 0.14999992}
  - {x: -0.100000024, y: 0.05000019, z: 0.24999993}
  - {x: -0.000000029802322, y: 0.05000019, z: 0.14999992}
  - {x: -0.100000024, y: 0.05000019, z: 0.14999992}
  - {x: -0.100000024, y: 0.05000019, z: 0.24999993}
  - {x: 0.099999964, y: 0.05000019, z: 0.14999992}
  - {x: 0.099999964, y: 0.05000019, z: 0.049999923}
  - {x: -0.000000029802322, y: 0.05000019, z: 0.14999992}
  - {x: 0.099999964, y: 0.05000019, z: 0.049999923}
  - {x: -0.000000029802322, y: 0.05000019, z: 0.049999923}
  - {x: -0.000000029802322, y: 0.05000019, z: 0.14999992}
  - {x: 0.099999964, y: 0.05000019, z: 0.049999923}
  - {x: 0.39999998, y: 0.05000019, z: -0.05000007}
  - {x: -0.000000029802322, y: 0.05000019, z: 0.049999923}
  - {x: 0.39999998, y: 0.05000019, z: 0.049999923}
  - {x: 0.39999998, y: 0.05000019, z: -0.05000007}
  - {x: 0.099999964, y: 0.05000019, z: 0.049999923}
  - {x: -0.000000029802322, y: 0.05000019, z: 0.049999923}
  - {x: 0.39999998, y: 0.05000019, z: -0.05000007}
  - {x: -0.20000005, y: 0.05000019, z: 0.049999923}
  - {x: -0.20000005, y: 0.05000019, z: 0.049999923}
  - {x: 0.39999998, y: 0.05000019, z: -0.05000007}
  - {x: -0.3, y: 0.05000019, z: 0.049999923}
  - {x: -0.20000005, y: 0.05000019, z: 0.049999923}
  - {x: -0.3, y: 0.05000019, z: 0.049999923}
  - {x: -0.3, y: 0.05000019, z: 0.14999992}
  - {x: -0.20000005, y: 0.05000019, z: 0.14999992}
  - {x: -0.20000005, y: 0.05000019, z: 0.049999923}
  - {x: -0.3, y: 0.05000019, z: 0.14999992}
  - {x: -0.3, y: 0.05000019, z: 0.049999923}
  - {x: 0.39999998, y: 0.05000019, z: -0.05000007}
  - {x: -0.40000004, y: 0.05000019, z: 0.049999923}
  - {x: 0.39999998, y: 0.05000019, z: -0.05000007}
  - {x: 0.099999964, y: 0.05000019, z: -0.05000007}
  - {x: -0.40000004, y: 0.05000019, z: 0.049999923}
  - {x: 0.099999964, y: 0.05000019, z: -0.05000007}
  - {x: -0.000000029802322, y: 0.05000019, z: -0.05000007}
  - {x: -0.40000004, y: 0.05000019, z: 0.049999923}
  - {x: 0.099999964, y: 0.05000019, z: -0.05000007}
  - {x: 0.099999964, y: 0.05000019, z: -0.1500001}
  - {x: -0.000000029802322, y: 0.05000019, z: -0.05000007}
  - {x: 0.099999964, y: 0.05000019, z: -0.1500001}
  - {x: -0.000000029802322, y: 0.05000019, z: -0.1500001}
  - {x: -0.000000029802322, y: 0.05000019, z: -0.05000007}
  - {x: -0.000000029802322, y: 0.05000019, z: -0.05000007}
  - {x: -0.20000005, y: 0.05000019, z: -0.05000007}
  - {x: -0.40000004, y: 0.05000019, z: 0.049999923}
  - {x: -0.20000005, y: 0.05000019, z: -0.05000007}
  - {x: -0.3, y: 0.05000019, z: -0.05000007}
  - {x: -0.40000004, y: 0.05000019, z: 0.049999923}
  - {x: -0.3, y: 0.05000019, z: -0.05000007}
  - {x: -0.40000004, y: 0.05000019, z: -0.05000007}
  - {x: -0.40000004, y: 0.05000019, z: 0.049999923}
  - {x: -0.20000005, y: 0.05000019, z: -0.05000007}
  - {x: -0.20000005, y: 0.05000019, z: -0.1500001}
  - {x: -0.3, y: 0.05000019, z: -0.05000007}
  - {x: -0.20000005, y: 0.05000019, z: -0.1500001}
  - {x: -0.3, y: 0.05000019, z: -0.1500001}
  - {x: -0.3, y: 0.05000019, z: -0.05000007}
  - {x: -0.3, y: 0.05000019, z: 0.24999993}
  - {x: -0.3, y: 0.05000019, z: 0.14999992}
  - {x: -0.40000004, y: 0.05000019, z: 0.24999993}
  - {x: -0.3, y: 0.05000019, z: 0.14999992}
  - {x: -0.40000004, y: 0.05000019, z: 0.14999992}
  - {x: -0.40000004, y: 0.05000019, z: 0.24999993}
  - {x: -0.000000029802322, y: 0.05000019, z: -0.1500001}
  - {x: -0.000000029802322, y: 0.05000019, z: -0.25000006}
  - {x: -0.100000024, y: 0.05000019, z: -0.1500001}
  - {x: -0.000000029802322, y: 0.05000019, z: -0.25000006}
  - {x: -0.100000024, y: 0.05000019, z: -0.25000006}
  - {x: -0.100000024, y: 0.05000019, z: -0.1500001}
  - {x: -0.3, y: 0.05000019, z: -0.1500001}
  - {x: -0.3, y: 0.05000019, z: -0.25000006}
  - {x: -0.40000004, y: 0.05000019, z: -0.1500001}
  - {x: -0.3, y: 0.05000019, z: -0.25000006}
  - {x: -0.40000004, y: 0.05000019, z: -0.25000006}
  - {x: -0.40000004, y: 0.05000019, z: -0.1500001}
  m_Textures0:
  - {x: 0.775391, y: 0.5}
  - {x: 0.775391, y: 0.5}
  - {x: 0.775391, y: 0.5}
  - {x: 0.775391, y: 0.5}
  - {x: 0.775391, y: 0.5}
  - {x: 0.775391, y: 0.5}
  - {x: 0.775391, y: 0.5}
  - {x: 0.775391, y: 0.5}
  - {x: 0.775391, y: 0.5}
  - {x: 0.775391, y: 0.5}
  - {x: 0.775391, y: 0.5}
  - {x: 0.775391, y: 0.5}
  - {x: 0.775391, y: 0.5}
  - {x: 0.775391, y: 0.5}
  - {x: 0.775391, y: 0.5}
  - {x: 0.775391, y: 0.5}
  - {x: 0.775391, y: 0.5}
  - {x: 0.775391, y: 0.5}
  - {x: 0.775391, y: 0.5}
  - {x: 0.775391, y: 0.5}
  - {x: 0.775391, y: 0.5}
  - {x: 0.775391, y: 0.5}
  - {x: 0.775391, y: 0.5}
  - {x: 0.775391, y: 0.5}
  - {x: 0.775391, y: 0.5}
  - {x: 0.775391, y: 0.5}
  - {x: 0.775391, y: 0.5}
  - {x: 0.775391, y: 0.5}
  - {x: 0.775391, y: 0.5}
  - {x: 0.775391, y: 0.5}
  - {x: 0.775391, y: 0.5}
  - {x: 0.775391, y: 0.5}
  - {x: 0.775391, y: 0.5}
  - {x: 0.775391, y: 0.5}
  - {x: 0.775391, y: 0.5}
  - {x: 0.775391, y: 0.5}
  - {x: 0.775391, y: 0.5}
  - {x: 0.775391, y: 0.5}
  - {x: 0.775391, y: 0.5}
  - {x: 0.775391, y: 0.5}
  - {x: 0.775391, y: 0.5}
  - {x: 0.775391, y: 0.5}
  - {x: 0.775391, y: 0.5}
  - {x: 0.775391, y: 0.5}
  - {x: 0.775391, y: 0.5}
  - {x: 0.775391, y: 0.5}
  - {x: 0.775391, y: 0.5}
  - {x: 0.775391, y: 0.5}
  - {x: 0.775391, y: 0.5}
  - {x: 0.775391, y: 0.5}
  - {x: 0.775391, y: 0.5}
  - {x: 0.775391, y: 0.5}
  - {x: 0.775391, y: 0.5}
  - {x: 0.775391, y: 0.5}
  - {x: 0.775391, y: 0.5}
  - {x: 0.775391, y: 0.5}
  - {x: 0.775391, y: 0.5}
  - {x: 0.775391, y: 0.5}
  - {x: 0.775391, y: 0.5}
  - {x: 0.775391, y: 0.5}
  - {x: 0.775391, y: 0.5}
  - {x: 0.775391, y: 0.5}
  - {x: 0.775391, y: 0.5}
  - {x: 0.775391, y: 0.5}
  - {x: 0.775391, y: 0.5}
  - {x: 0.775391, y: 0.5}
  - {x: 0.775391, y: 0.5}
  - {x: 0.775391, y: 0.5}
  - {x: 0.775391, y: 0.5}
  - {x: 0.775391, y: 0.5}
  - {x: 0.775391, y: 0.5}
  - {x: 0.775391, y: 0.5}
  - {x: 0.775391, y: 0.5}
  - {x: 0.775391, y: 0.5}
  - {x: 0.775391, y: 0.5}
  - {x: 0.775391, y: 0.5}
  - {x: 0.775391, y: 0.5}
  - {x: 0.775391, y: 0.5}
  - {x: 0.775391, y: 0.5}
  - {x: 0.775391, y: 0.5}
  - {x: 0.775391, y: 0.5}
  - {x: 0.775391, y: 0.5}
  - {x: 0.775391, y: 0.5}
  - {x: 0.775391, y: 0.5}
  - {x: 0.775391, y: 0.5}
  - {x: 0.775391, y: 0.5}
  - {x: 0.775391, y: 0.5}
  - {x: 0.775391, y: 0.5}
  - {x: 0.775391, y: 0.5}
  - {x: 0.775391, y: 0.5}
  - {x: 0.775391, y: 0.5}
  - {x: 0.775391, y: 0.5}
  - {x: 0.775391, y: 0.5}
  - {x: 0.775391, y: 0.5}
  - {x: 0.775391, y: 0.5}
  - {x: 0.775391, y: 0.5}
  - {x: 0.775391, y: 0.5}
  - {x: 0.775391, y: 0.5}
  - {x: 0.775391, y: 0.5}
  - {x: 0.775391, y: 0.5}
  - {x: 0.775391, y: 0.5}
  - {x: 0.775391, y: 0.5}
  - {x: 0.775391, y: 0.5}
  - {x: 0.775391, y: 0.5}
  - {x: 0.775391, y: 0.5}
  - {x: 0.775391, y: 0.5}
  - {x: 0.775391, y: 0.5}
  - {x: 0.775391, y: 0.5}
  - {x: 0.775391, y: 0.5}
  - {x: 0.775391, y: 0.5}
  - {x: 0.775391, y: 0.5}
  - {x: 0.775391, y: 0.5}
  - {x: 0.775391, y: 0.5}
  - {x: 0.775391, y: 0.5}
  - {x: 0.775391, y: 0.5}
  - {x: 0.775391, y: 0.5}
  - {x: 0.775391, y: 0.5}
  - {x: 0.775391, y: 0.5}
  - {x: 0.775391, y: 0.5}
  - {x: 0.775391, y: 0.5}
  - {x: 0.775391, y: 0.5}
  - {x: 0.775391, y: 0.5}
  - {x: 0.775391, y: 0.5}
  - {x: 0.775391, y: 0.5}
  - {x: 0.775391, y: 0.5}
  - {x: 0.775391, y: 0.5}
  - {x: 0.775391, y: 0.5}
  - {x: 0.775391, y: 0.5}
  - {x: 0.775391, y: 0.5}
  - {x: 0.775391, y: 0.5}
  - {x: 0.775391, y: 0.5}
  - {x: 0.775391, y: 0.5}
  - {x: 0.775391, y: 0.5}
  - {x: 0.775391, y: 0.5}
  - {x: 0.775391, y: 0.5}
  - {x: 0.775391, y: 0.5}
  - {x: 0.775391, y: 0.5}
  - {x: 0.775391, y: 0.5}
  - {x: 0.775391, y: 0.5}
  - {x: 0.775391, y: 0.5}
  - {x: 0.775391, y: 0.5}
  - {x: 0.775391, y: 0.5}
  - {x: 0.775391, y: 0.5}
  - {x: 0.775391, y: 0.5}
  - {x: 0.775391, y: 0.5}
  - {x: 0.775391, y: 0.5}
  - {x: 0.775391, y: 0.5}
  - {x: 0.775391, y: 0.5}
  - {x: 0.775391, y: 0.5}
  - {x: 0.775391, y: 0.5}
  - {x: 0.775391, y: 0.5}
  - {x: 0.775391, y: 0.5}
  - {x: 0.775391, y: 0.5}
  - {x: 0.775391, y: 0.5}
  - {x: 0.775391, y: 0.5}
  - {x: 0.775391, y: 0.5}
  - {x: 0.775391, y: 0.5}
  - {x: 0.775391, y: 0.5}
  - {x: 0.775391, y: 0.5}
  - {x: 0.775391, y: 0.5}
  - {x: 0.775391, y: 0.5}
  - {x: 0.775391, y: 0.5}
  - {x: 0.775391, y: 0.5}
  - {x: 0.775391, y: 0.5}
  - {x: 0.775391, y: 0.5}
  - {x: 0.775391, y: 0.5}
  - {x: 0.775391, y: 0.5}
  - {x: 0.775391, y: 0.5}
  - {x: 0.775391, y: 0.5}
  - {x: 0.775391, y: 0.5}
  - {x: 0.775391, y: 0.5}
  - {x: 0.775391, y: 0.5}
  - {x: 0.775391, y: 0.5}
  - {x: 0.775391, y: 0.5}
  - {x: 0.775391, y: 0.5}
  - {x: 0.775391, y: 0.5}
  - {x: 0.775391, y: 0.5}
  - {x: 0.775391, y: 0.5}
  - {x: 0.775391, y: 0.5}
  - {x: 0.775391, y: 0.5}
  - {x: 0.775391, y: 0.5}
  - {x: 0.775391, y: 0.5}
  - {x: 0.775391, y: 0.5}
  - {x: 0.775391, y: 0.5}
  - {x: 0.775391, y: 0.5}
  - {x: 0.775391, y: 0.5}
  - {x: 0.775391, y: 0.5}
  - {x: 0.775391, y: 0.5}
  - {x: 0.775391, y: 0.5}
  - {x: 0.775391, y: 0.5}
  - {x: 0.775391, y: 0.5}
  - {x: 0.775391, y: 0.5}
  - {x: 0.775391, y: 0.5}
  - {x: 0.775391, y: 0.5}
  - {x: 0.775391, y: 0.5}
  - {x: 0.775391, y: 0.5}
  - {x: 0.775391, y: 0.5}
  - {x: 0.775391, y: 0.5}
  - {x: 0.775391, y: 0.5}
  - {x: 0.775391, y: 0.5}
  - {x: 0.775391, y: 0.5}
  - {x: 0.775391, y: 0.5}
  - {x: 0.775391, y: 0.5}
  - {x: 0.775391, y: 0.5}
  - {x: 0.775391, y: 0.5}
  - {x: 0.775391, y: 0.5}
  - {x: 0.775391, y: 0.5}
  - {x: 0.775391, y: 0.5}
  - {x: 0.775391, y: 0.5}
  - {x: 0.775391, y: 0.5}
  - {x: 0.775391, y: 0.5}
  - {x: 0.775391, y: 0.5}
  - {x: 0.775391, y: 0.5}
  - {x: 0.775391, y: 0.5}
  - {x: 0.775391, y: 0.5}
  - {x: 0.775391, y: 0.5}
  - {x: 0.775391, y: 0.5}
  - {x: 0.775391, y: 0.5}
  - {x: 0.775391, y: 0.5}
  - {x: 0.775391, y: 0.5}
  - {x: 0.775391, y: 0.5}
  - {x: 0.775391, y: 0.5}
  - {x: 0.775391, y: 0.5}
  - {x: 0.775391, y: 0.5}
  - {x: 0.775391, y: 0.5}
  - {x: 0.775391, y: 0.5}
  - {x: 0.775391, y: 0.5}
  - {x: 0.775391, y: 0.5}
  - {x: 0.775391, y: 0.5}
  - {x: 0.775391, y: 0.5}
  - {x: 0.775391, y: 0.5}
  - {x: 0.775391, y: 0.5}
  - {x: 0.775391, y: 0.5}
  - {x: 0.775391, y: 0.5}
  - {x: 0.775391, y: 0.5}
  - {x: 0.775391, y: 0.5}
  - {x: 0.775391, y: 0.5}
  - {x: 0.775391, y: 0.5}
  - {x: 0.775391, y: 0.5}
  - {x: 0.775391, y: 0.5}
  - {x: 0.775391, y: 0.5}
  - {x: 0.775391, y: 0.5}
  - {x: 0.775391, y: 0.5}
  - {x: 0.775391, y: 0.5}
  - {x: 0.775391, y: 0.5}
  - {x: 0.775391, y: 0.5}
  - {x: 0.775391, y: 0.5}
  - {x: 0.775391, y: 0.5}
  - {x: 0.775391, y: 0.5}
  - {x: 0.775391, y: 0.5}
  - {x: 0.775391, y: 0.5}
  - {x: 0.775391, y: 0.5}
  - {x: 0.775391, y: 0.5}
  - {x: 0.775391, y: 0.5}
  - {x: 0.775391, y: 0.5}
  - {x: 0.775391, y: 0.5}
  - {x: 0.775391, y: 0.5}
  - {x: 0.775391, y: 0.5}
  - {x: 0.775391, y: 0.5}
  - {x: 0.775391, y: 0.5}
  - {x: 0.775391, y: 0.5}
  - {x: 0.775391, y: 0.5}
  - {x: 0.775391, y: 0.5}
  - {x: 0.775391, y: 0.5}
  - {x: 0.775391, y: 0.5}
  - {x: 0.775391, y: 0.5}
  - {x: 0.775391, y: 0.5}
  - {x: 0.775391, y: 0.5}
  - {x: 0.775391, y: 0.5}
  - {x: 0.775391, y: 0.5}
  - {x: 0.775391, y: 0.5}
  - {x: 0.775391, y: 0.5}
  - {x: 0.775391, y: 0.5}
  - {x: 0.775391, y: 0.5}
  - {x: 0.775391, y: 0.5}
  - {x: 0.775391, y: 0.5}
  - {x: 0.775391, y: 0.5}
  - {x: 0.775391, y: 0.5}
  - {x: 0.775391, y: 0.5}
  - {x: 0.775391, y: 0.5}
  - {x: 0.775391, y: 0.5}
  - {x: 0.775391, y: 0.5}
  - {x: 0.775391, y: 0.5}
  - {x: 0.775391, y: 0.5}
  - {x: 0.775391, y: 0.5}
  - {x: 0.775391, y: 0.5}
  - {x: 0.775391, y: 0.5}
  - {x: 0.775391, y: 0.5}
  - {x: 0.775391, y: 0.5}
  - {x: 0.775391, y: 0.5}
  - {x: 0.775391, y: 0.5}
  - {x: 0.775391, y: 0.5}
  - {x: 0.775391, y: 0.5}
  - {x: 0.775391, y: 0.5}
  - {x: 0.775391, y: 0.5}
  - {x: 0.775391, y: 0.5}
  - {x: 0.775391, y: 0.5}
  - {x: 0.775391, y: 0.5}
  - {x: 0.775391, y: 0.5}
  - {x: 0.775391, y: 0.5}
  - {x: 0.775391, y: 0.5}
  - {x: 0.775391, y: 0.5}
  - {x: 0.775391, y: 0.5}
  - {x: 0.775391, y: 0.5}
  - {x: 0.775391, y: 0.5}
  - {x: 0.775391, y: 0.5}
  - {x: 0.775391, y: 0.5}
  - {x: 0.775391, y: 0.5}
  - {x: 0.775391, y: 0.5}
  - {x: 0.775391, y: 0.5}
  - {x: 0.775391, y: 0.5}
  - {x: 0.775391, y: 0.5}
  - {x: 0.775391, y: 0.5}
  - {x: 0.775391, y: 0.5}
  - {x: 0.775391, y: 0.5}
  - {x: 0.775391, y: 0.5}
  - {x: 0.775391, y: 0.5}
  - {x: 0.775391, y: 0.5}
  - {x: 0.775391, y: 0.5}
  - {x: 0.775391, y: 0.5}
  - {x: 0.775391, y: 0.5}
  - {x: 0.775391, y: 0.5}
  - {x: 0.775391, y: 0.5}
  - {x: 0.775391, y: 0.5}
  - {x: 0.775391, y: 0.5}
  - {x: 0.775391, y: 0.5}
  - {x: 0.775391, y: 0.5}
  - {x: 0.775391, y: 0.5}
  - {x: 0.775391, y: 0.5}
  - {x: 0.775391, y: 0.5}
  - {x: 0.775391, y: 0.5}
  - {x: 0.775391, y: 0.5}
  - {x: 0.775391, y: 0.5}
  - {x: 0.775391, y: 0.5}
  - {x: 0.775391, y: 0.5}
  - {x: 0.775391, y: 0.5}
  - {x: 0.775391, y: 0.5}
  - {x: 0.775391, y: 0.5}
  - {x: 0.775391, y: 0.5}
  - {x: 0.775391, y: 0.5}
  - {x: 0.775391, y: 0.5}
  - {x: 0.775391, y: 0.5}
  - {x: 0.775391, y: 0.5}
  - {x: 0.775391, y: 0.5}
  - {x: 0.775391, y: 0.5}
  - {x: 0.775391, y: 0.5}
  - {x: 0.775391, y: 0.5}
  - {x: 0.775391, y: 0.5}
  - {x: 0.775391, y: 0.5}
  - {x: 0.775391, y: 0.5}
  - {x: 0.775391, y: 0.5}
  - {x: 0.775391, y: 0.5}
  - {x: 0.775391, y: 0.5}
  - {x: 0.775391, y: 0.5}
  - {x: 0.775391, y: 0.5}
  - {x: 0.775391, y: 0.5}
  - {x: 0.775391, y: 0.5}
  - {x: 0.775391, y: 0.5}
  - {x: 0.775391, y: 0.5}
  - {x: 0.775391, y: 0.5}
  - {x: 0.775391, y: 0.5}
  - {x: 0.775391, y: 0.5}
  - {x: 0.775391, y: 0.5}
  - {x: 0.775391, y: 0.5}
  - {x: 0.775391, y: 0.5}
  - {x: 0.775391, y: 0.5}
  - {x: 0.775391, y: 0.5}
  - {x: 0.775391, y: 0.5}
  - {x: 0.775391, y: 0.5}
  - {x: 0.775391, y: 0.5}
  - {x: 0.775391, y: 0.5}
  - {x: 0.775391, y: 0.5}
  m_Textures2: []
  m_Textures3: []
  m_Tangents:
  - {x: NaN, y: NaN, z: NaN, w: 1}
  - {x: NaN, y: NaN, z: NaN, w: 1}
  - {x: NaN, y: NaN, z: NaN, w: 1}
  - {x: NaN, y: NaN, z: NaN, w: 1}
  - {x: NaN, y: NaN, z: NaN, w: 1}
  - {x: NaN, y: NaN, z: NaN, w: 1}
  - {x: NaN, y: NaN, z: NaN, w: 1}
  - {x: NaN, y: NaN, z: NaN, w: 1}
  - {x: NaN, y: NaN, z: NaN, w: 1}
  - {x: NaN, y: NaN, z: NaN, w: 1}
  - {x: NaN, y: NaN, z: NaN, w: 1}
  - {x: NaN, y: NaN, z: NaN, w: 1}
  - {x: NaN, y: NaN, z: NaN, w: 1}
  - {x: NaN, y: NaN, z: NaN, w: 1}
  - {x: NaN, y: NaN, z: NaN, w: 1}
  - {x: NaN, y: NaN, z: NaN, w: 1}
  - {x: NaN, y: NaN, z: NaN, w: 1}
  - {x: NaN, y: NaN, z: NaN, w: 1}
  - {x: NaN, y: NaN, z: NaN, w: 1}
  - {x: NaN, y: NaN, z: NaN, w: 1}
  - {x: NaN, y: NaN, z: NaN, w: 1}
  - {x: NaN, y: NaN, z: NaN, w: 1}
  - {x: NaN, y: NaN, z: NaN, w: 1}
  - {x: NaN, y: NaN, z: NaN, w: 1}
  - {x: NaN, y: NaN, z: NaN, w: 1}
  - {x: NaN, y: NaN, z: NaN, w: 1}
  - {x: NaN, y: NaN, z: NaN, w: 1}
  - {x: NaN, y: NaN, z: NaN, w: 1}
  - {x: NaN, y: NaN, z: NaN, w: 1}
  - {x: NaN, y: NaN, z: NaN, w: 1}
  - {x: NaN, y: NaN, z: NaN, w: 1}
  - {x: NaN, y: NaN, z: NaN, w: 1}
  - {x: NaN, y: NaN, z: NaN, w: 1}
  - {x: NaN, y: NaN, z: NaN, w: 1}
  - {x: NaN, y: NaN, z: NaN, w: 1}
  - {x: NaN, y: NaN, z: NaN, w: 1}
  - {x: NaN, y: NaN, z: NaN, w: 1}
  - {x: NaN, y: NaN, z: NaN, w: 1}
  - {x: NaN, y: NaN, z: NaN, w: 1}
  - {x: NaN, y: NaN, z: NaN, w: 1}
  - {x: NaN, y: NaN, z: NaN, w: 1}
  - {x: NaN, y: NaN, z: NaN, w: 1}
  - {x: NaN, y: NaN, z: NaN, w: 1}
  - {x: NaN, y: NaN, z: NaN, w: 1}
  - {x: NaN, y: NaN, z: NaN, w: 1}
  - {x: NaN, y: NaN, z: NaN, w: 1}
  - {x: NaN, y: NaN, z: NaN, w: 1}
  - {x: NaN, y: NaN, z: NaN, w: 1}
  - {x: NaN, y: NaN, z: NaN, w: 1}
  - {x: NaN, y: NaN, z: NaN, w: 1}
  - {x: NaN, y: NaN, z: NaN, w: 1}
  - {x: NaN, y: NaN, z: NaN, w: 1}
  - {x: NaN, y: NaN, z: NaN, w: 1}
  - {x: NaN, y: NaN, z: NaN, w: 1}
  - {x: NaN, y: NaN, z: NaN, w: 1}
  - {x: NaN, y: NaN, z: NaN, w: 1}
  - {x: NaN, y: NaN, z: NaN, w: 1}
  - {x: NaN, y: NaN, z: NaN, w: 1}
  - {x: NaN, y: NaN, z: NaN, w: 1}
  - {x: NaN, y: NaN, z: NaN, w: 1}
  - {x: NaN, y: NaN, z: NaN, w: 1}
  - {x: NaN, y: NaN, z: NaN, w: 1}
  - {x: NaN, y: NaN, z: NaN, w: 1}
  - {x: NaN, y: NaN, z: NaN, w: 1}
  - {x: NaN, y: NaN, z: NaN, w: 1}
  - {x: NaN, y: NaN, z: NaN, w: 1}
  - {x: NaN, y: NaN, z: NaN, w: 1}
  - {x: NaN, y: NaN, z: NaN, w: 1}
  - {x: NaN, y: NaN, z: NaN, w: 1}
  - {x: NaN, y: NaN, z: NaN, w: 1}
  - {x: NaN, y: NaN, z: NaN, w: 1}
  - {x: NaN, y: NaN, z: NaN, w: 1}
  - {x: NaN, y: NaN, z: NaN, w: 1}
  - {x: NaN, y: NaN, z: NaN, w: 1}
  - {x: NaN, y: NaN, z: NaN, w: 1}
  - {x: NaN, y: NaN, z: NaN, w: 1}
  - {x: NaN, y: NaN, z: NaN, w: 1}
  - {x: NaN, y: NaN, z: NaN, w: 1}
  - {x: NaN, y: NaN, z: NaN, w: 1}
  - {x: NaN, y: NaN, z: NaN, w: 1}
  - {x: NaN, y: NaN, z: NaN, w: 1}
  - {x: NaN, y: NaN, z: NaN, w: 1}
  - {x: NaN, y: NaN, z: NaN, w: 1}
  - {x: NaN, y: NaN, z: NaN, w: 1}
  - {x: NaN, y: NaN, z: NaN, w: 1}
  - {x: NaN, y: NaN, z: NaN, w: 1}
  - {x: NaN, y: NaN, z: NaN, w: 1}
  - {x: NaN, y: NaN, z: NaN, w: 1}
  - {x: NaN, y: NaN, z: NaN, w: 1}
  - {x: NaN, y: NaN, z: NaN, w: 1}
  - {x: NaN, y: NaN, z: NaN, w: 1}
  - {x: NaN, y: NaN, z: NaN, w: 1}
  - {x: NaN, y: NaN, z: NaN, w: 1}
  - {x: NaN, y: NaN, z: NaN, w: 1}
  - {x: NaN, y: NaN, z: NaN, w: 1}
  - {x: NaN, y: NaN, z: NaN, w: 1}
  - {x: NaN, y: NaN, z: NaN, w: 1}
  - {x: NaN, y: NaN, z: NaN, w: 1}
  - {x: NaN, y: NaN, z: NaN, w: 1}
  - {x: NaN, y: NaN, z: NaN, w: 1}
  - {x: NaN, y: NaN, z: NaN, w: 1}
  - {x: NaN, y: NaN, z: NaN, w: 1}
  - {x: NaN, y: NaN, z: NaN, w: 1}
  - {x: NaN, y: NaN, z: NaN, w: 1}
  - {x: NaN, y: NaN, z: NaN, w: 1}
  - {x: NaN, y: NaN, z: NaN, w: 1}
  - {x: NaN, y: NaN, z: NaN, w: 1}
  - {x: NaN, y: NaN, z: NaN, w: 1}
  - {x: NaN, y: NaN, z: NaN, w: 1}
  - {x: NaN, y: NaN, z: NaN, w: 1}
  - {x: NaN, y: NaN, z: NaN, w: 1}
  - {x: NaN, y: NaN, z: NaN, w: 1}
  - {x: NaN, y: NaN, z: NaN, w: 1}
  - {x: NaN, y: NaN, z: NaN, w: 1}
  - {x: NaN, y: NaN, z: NaN, w: 1}
  - {x: NaN, y: NaN, z: NaN, w: 1}
  - {x: NaN, y: NaN, z: NaN, w: 1}
  - {x: NaN, y: NaN, z: NaN, w: 1}
  - {x: NaN, y: NaN, z: NaN, w: 1}
  - {x: NaN, y: NaN, z: NaN, w: 1}
  - {x: NaN, y: NaN, z: NaN, w: 1}
  - {x: NaN, y: NaN, z: NaN, w: 1}
  - {x: NaN, y: NaN, z: NaN, w: 1}
  - {x: NaN, y: NaN, z: NaN, w: 1}
  - {x: NaN, y: NaN, z: NaN, w: 1}
  - {x: NaN, y: NaN, z: NaN, w: 1}
  - {x: NaN, y: NaN, z: NaN, w: 1}
  - {x: NaN, y: NaN, z: NaN, w: 1}
  - {x: NaN, y: NaN, z: NaN, w: 1}
  - {x: NaN, y: NaN, z: NaN, w: 1}
  - {x: NaN, y: NaN, z: NaN, w: 1}
  - {x: NaN, y: NaN, z: NaN, w: 1}
  - {x: NaN, y: NaN, z: NaN, w: 1}
  - {x: NaN, y: NaN, z: NaN, w: 1}
  - {x: NaN, y: NaN, z: NaN, w: 1}
  - {x: NaN, y: NaN, z: NaN, w: 1}
  - {x: NaN, y: NaN, z: NaN, w: 1}
  - {x: NaN, y: NaN, z: NaN, w: 1}
  - {x: NaN, y: NaN, z: NaN, w: 1}
  - {x: NaN, y: NaN, z: NaN, w: 1}
  - {x: NaN, y: NaN, z: NaN, w: 1}
  - {x: NaN, y: NaN, z: NaN, w: 1}
  - {x: NaN, y: NaN, z: NaN, w: 1}
  - {x: NaN, y: NaN, z: NaN, w: 1}
  - {x: NaN, y: NaN, z: NaN, w: 1}
  - {x: NaN, y: NaN, z: NaN, w: 1}
  - {x: NaN, y: NaN, z: NaN, w: 1}
  - {x: NaN, y: NaN, z: NaN, w: 1}
  - {x: NaN, y: NaN, z: NaN, w: 1}
  - {x: NaN, y: NaN, z: NaN, w: 1}
  - {x: NaN, y: NaN, z: NaN, w: 1}
  - {x: NaN, y: NaN, z: NaN, w: 1}
  - {x: NaN, y: NaN, z: NaN, w: 1}
  - {x: NaN, y: NaN, z: NaN, w: 1}
  - {x: NaN, y: NaN, z: NaN, w: 1}
  - {x: NaN, y: NaN, z: NaN, w: 1}
  - {x: NaN, y: NaN, z: NaN, w: 1}
  - {x: NaN, y: NaN, z: NaN, w: 1}
  - {x: NaN, y: NaN, z: NaN, w: 1}
  - {x: NaN, y: NaN, z: NaN, w: 1}
  - {x: NaN, y: NaN, z: NaN, w: 1}
  - {x: NaN, y: NaN, z: NaN, w: 1}
  - {x: NaN, y: NaN, z: NaN, w: 1}
  - {x: NaN, y: NaN, z: NaN, w: 1}
  - {x: NaN, y: NaN, z: NaN, w: 1}
  - {x: NaN, y: NaN, z: NaN, w: 1}
  - {x: NaN, y: NaN, z: NaN, w: 1}
  - {x: NaN, y: NaN, z: NaN, w: 1}
  - {x: NaN, y: NaN, z: NaN, w: 1}
  - {x: NaN, y: NaN, z: NaN, w: 1}
  - {x: NaN, y: NaN, z: NaN, w: 1}
  - {x: NaN, y: NaN, z: NaN, w: 1}
  - {x: NaN, y: NaN, z: NaN, w: 1}
  - {x: NaN, y: NaN, z: NaN, w: 1}
  - {x: NaN, y: NaN, z: NaN, w: 1}
  - {x: NaN, y: NaN, z: NaN, w: 1}
  - {x: NaN, y: NaN, z: NaN, w: 1}
  - {x: NaN, y: NaN, z: NaN, w: 1}
  - {x: NaN, y: NaN, z: NaN, w: 1}
  - {x: NaN, y: NaN, z: NaN, w: 1}
  - {x: NaN, y: NaN, z: NaN, w: 1}
  - {x: NaN, y: NaN, z: NaN, w: 1}
  - {x: NaN, y: NaN, z: NaN, w: 1}
  - {x: NaN, y: NaN, z: NaN, w: 1}
  - {x: NaN, y: NaN, z: NaN, w: 1}
  - {x: NaN, y: NaN, z: NaN, w: 1}
  - {x: NaN, y: NaN, z: NaN, w: 1}
  - {x: NaN, y: NaN, z: NaN, w: 1}
  - {x: NaN, y: NaN, z: NaN, w: 1}
  - {x: NaN, y: NaN, z: NaN, w: 1}
  - {x: NaN, y: NaN, z: NaN, w: 1}
  - {x: NaN, y: NaN, z: NaN, w: 1}
  - {x: NaN, y: NaN, z: NaN, w: 1}
  - {x: NaN, y: NaN, z: NaN, w: 1}
  - {x: NaN, y: NaN, z: NaN, w: 1}
  - {x: NaN, y: NaN, z: NaN, w: 1}
  - {x: NaN, y: NaN, z: NaN, w: 1}
  - {x: NaN, y: NaN, z: NaN, w: 1}
  - {x: NaN, y: NaN, z: NaN, w: 1}
  - {x: NaN, y: NaN, z: NaN, w: 1}
  - {x: NaN, y: NaN, z: NaN, w: 1}
  - {x: NaN, y: NaN, z: NaN, w: 1}
  - {x: NaN, y: NaN, z: NaN, w: 1}
  - {x: NaN, y: NaN, z: NaN, w: 1}
  - {x: NaN, y: NaN, z: NaN, w: 1}
  - {x: NaN, y: NaN, z: NaN, w: 1}
  - {x: NaN, y: NaN, z: NaN, w: 1}
  - {x: NaN, y: NaN, z: NaN, w: 1}
  - {x: NaN, y: NaN, z: NaN, w: 1}
  - {x: NaN, y: NaN, z: NaN, w: 1}
  - {x: NaN, y: NaN, z: NaN, w: 1}
  - {x: NaN, y: NaN, z: NaN, w: 1}
  - {x: NaN, y: NaN, z: NaN, w: 1}
  - {x: NaN, y: NaN, z: NaN, w: 1}
  - {x: NaN, y: NaN, z: NaN, w: 1}
  - {x: NaN, y: NaN, z: NaN, w: 1}
  - {x: NaN, y: NaN, z: NaN, w: 1}
  - {x: NaN, y: NaN, z: NaN, w: 1}
  - {x: NaN, y: NaN, z: NaN, w: 1}
  - {x: NaN, y: NaN, z: NaN, w: 1}
  - {x: NaN, y: NaN, z: NaN, w: 1}
  - {x: NaN, y: NaN, z: NaN, w: 1}
  - {x: NaN, y: NaN, z: NaN, w: 1}
  - {x: NaN, y: NaN, z: NaN, w: 1}
  - {x: NaN, y: NaN, z: NaN, w: 1}
  - {x: NaN, y: NaN, z: NaN, w: 1}
  - {x: NaN, y: NaN, z: NaN, w: 1}
  - {x: NaN, y: NaN, z: NaN, w: 1}
  - {x: NaN, y: NaN, z: NaN, w: 1}
  - {x: NaN, y: NaN, z: NaN, w: 1}
  - {x: NaN, y: NaN, z: NaN, w: 1}
  - {x: NaN, y: NaN, z: NaN, w: 1}
  - {x: NaN, y: NaN, z: NaN, w: 1}
  - {x: NaN, y: NaN, z: NaN, w: 1}
  - {x: NaN, y: NaN, z: NaN, w: 1}
  - {x: NaN, y: NaN, z: NaN, w: 1}
  - {x: NaN, y: NaN, z: NaN, w: 1}
  - {x: NaN, y: NaN, z: NaN, w: 1}
  - {x: NaN, y: NaN, z: NaN, w: 1}
  - {x: NaN, y: NaN, z: NaN, w: 1}
  - {x: NaN, y: NaN, z: NaN, w: 1}
  - {x: NaN, y: NaN, z: NaN, w: 1}
  - {x: NaN, y: NaN, z: NaN, w: 1}
  - {x: NaN, y: NaN, z: NaN, w: 1}
  - {x: NaN, y: NaN, z: NaN, w: 1}
  - {x: NaN, y: NaN, z: NaN, w: 1}
  - {x: NaN, y: NaN, z: NaN, w: 1}
  - {x: NaN, y: NaN, z: NaN, w: 1}
  - {x: NaN, y: NaN, z: NaN, w: 1}
  - {x: NaN, y: NaN, z: NaN, w: 1}
  - {x: NaN, y: NaN, z: NaN, w: 1}
  - {x: NaN, y: NaN, z: NaN, w: 1}
  - {x: NaN, y: NaN, z: NaN, w: 1}
  - {x: NaN, y: NaN, z: NaN, w: 1}
  - {x: NaN, y: NaN, z: NaN, w: 1}
  - {x: NaN, y: NaN, z: NaN, w: 1}
  - {x: NaN, y: NaN, z: NaN, w: 1}
  - {x: NaN, y: NaN, z: NaN, w: 1}
  - {x: NaN, y: NaN, z: NaN, w: 1}
  - {x: NaN, y: NaN, z: NaN, w: 1}
  - {x: NaN, y: NaN, z: NaN, w: 1}
  - {x: NaN, y: NaN, z: NaN, w: 1}
  - {x: NaN, y: NaN, z: NaN, w: 1}
  - {x: NaN, y: NaN, z: NaN, w: 1}
  - {x: NaN, y: NaN, z: NaN, w: 1}
  - {x: NaN, y: NaN, z: NaN, w: 1}
  - {x: NaN, y: NaN, z: NaN, w: 1}
  - {x: NaN, y: NaN, z: NaN, w: 1}
  - {x: NaN, y: NaN, z: NaN, w: 1}
  - {x: NaN, y: NaN, z: NaN, w: 1}
  - {x: NaN, y: NaN, z: NaN, w: 1}
  - {x: NaN, y: NaN, z: NaN, w: 1}
  - {x: NaN, y: NaN, z: NaN, w: 1}
  - {x: NaN, y: NaN, z: NaN, w: 1}
  - {x: NaN, y: NaN, z: NaN, w: 1}
  - {x: NaN, y: NaN, z: NaN, w: 1}
  - {x: NaN, y: NaN, z: NaN, w: 1}
  - {x: NaN, y: NaN, z: NaN, w: 1}
  - {x: NaN, y: NaN, z: NaN, w: 1}
  - {x: NaN, y: NaN, z: NaN, w: 1}
  - {x: NaN, y: NaN, z: NaN, w: 1}
  - {x: NaN, y: NaN, z: NaN, w: 1}
  - {x: NaN, y: NaN, z: NaN, w: 1}
  - {x: NaN, y: NaN, z: NaN, w: 1}
  - {x: NaN, y: NaN, z: NaN, w: 1}
  - {x: NaN, y: NaN, z: NaN, w: 1}
  - {x: NaN, y: NaN, z: NaN, w: 1}
  - {x: NaN, y: NaN, z: NaN, w: 1}
  - {x: NaN, y: NaN, z: NaN, w: 1}
  - {x: NaN, y: NaN, z: NaN, w: 1}
  - {x: NaN, y: NaN, z: NaN, w: 1}
  - {x: NaN, y: NaN, z: NaN, w: 1}
  - {x: NaN, y: NaN, z: NaN, w: 1}
  - {x: NaN, y: NaN, z: NaN, w: 1}
  - {x: NaN, y: NaN, z: NaN, w: 1}
  - {x: NaN, y: NaN, z: NaN, w: 1}
  - {x: NaN, y: NaN, z: NaN, w: 1}
  - {x: NaN, y: NaN, z: NaN, w: 1}
  - {x: NaN, y: NaN, z: NaN, w: 1}
  - {x: NaN, y: NaN, z: NaN, w: 1}
  - {x: NaN, y: NaN, z: NaN, w: 1}
  - {x: NaN, y: NaN, z: NaN, w: 1}
  - {x: NaN, y: NaN, z: NaN, w: 1}
  - {x: NaN, y: NaN, z: NaN, w: 1}
  - {x: NaN, y: NaN, z: NaN, w: 1}
  - {x: NaN, y: NaN, z: NaN, w: 1}
  - {x: NaN, y: NaN, z: NaN, w: 1}
  - {x: NaN, y: NaN, z: NaN, w: 1}
  - {x: NaN, y: NaN, z: NaN, w: 1}
  - {x: NaN, y: NaN, z: NaN, w: 1}
  - {x: NaN, y: NaN, z: NaN, w: 1}
  - {x: NaN, y: NaN, z: NaN, w: 1}
  - {x: NaN, y: NaN, z: NaN, w: 1}
  - {x: NaN, y: NaN, z: NaN, w: 1}
  - {x: NaN, y: NaN, z: NaN, w: 1}
  - {x: NaN, y: NaN, z: NaN, w: 1}
  - {x: NaN, y: NaN, z: NaN, w: 1}
  - {x: NaN, y: NaN, z: NaN, w: 1}
  - {x: NaN, y: NaN, z: NaN, w: 1}
  - {x: NaN, y: NaN, z: NaN, w: 1}
  - {x: NaN, y: NaN, z: NaN, w: 1}
  - {x: NaN, y: NaN, z: NaN, w: 1}
  - {x: NaN, y: NaN, z: NaN, w: 1}
  - {x: NaN, y: NaN, z: NaN, w: 1}
  - {x: NaN, y: NaN, z: NaN, w: 1}
  - {x: NaN, y: NaN, z: NaN, w: 1}
  - {x: NaN, y: NaN, z: NaN, w: 1}
  - {x: NaN, y: NaN, z: NaN, w: 1}
  - {x: NaN, y: NaN, z: NaN, w: 1}
  - {x: NaN, y: NaN, z: NaN, w: 1}
  - {x: NaN, y: NaN, z: NaN, w: 1}
  - {x: NaN, y: NaN, z: NaN, w: 1}
  - {x: NaN, y: NaN, z: NaN, w: 1}
  - {x: NaN, y: NaN, z: NaN, w: 1}
  - {x: NaN, y: NaN, z: NaN, w: 1}
  - {x: NaN, y: NaN, z: NaN, w: 1}
  - {x: NaN, y: NaN, z: NaN, w: 1}
  - {x: NaN, y: NaN, z: NaN, w: 1}
  - {x: NaN, y: NaN, z: NaN, w: 1}
  - {x: NaN, y: NaN, z: NaN, w: 1}
  - {x: NaN, y: NaN, z: NaN, w: 1}
  - {x: NaN, y: NaN, z: NaN, w: 1}
  - {x: NaN, y: NaN, z: NaN, w: 1}
  - {x: NaN, y: NaN, z: NaN, w: 1}
  - {x: NaN, y: NaN, z: NaN, w: 1}
  - {x: NaN, y: NaN, z: NaN, w: 1}
  - {x: NaN, y: NaN, z: NaN, w: 1}
  - {x: NaN, y: NaN, z: NaN, w: 1}
  - {x: NaN, y: NaN, z: NaN, w: 1}
  - {x: NaN, y: NaN, z: NaN, w: 1}
  - {x: NaN, y: NaN, z: NaN, w: 1}
  - {x: NaN, y: NaN, z: NaN, w: 1}
  - {x: NaN, y: NaN, z: NaN, w: 1}
  - {x: NaN, y: NaN, z: NaN, w: 1}
  - {x: NaN, y: NaN, z: NaN, w: 1}
  - {x: NaN, y: NaN, z: NaN, w: 1}
  - {x: NaN, y: NaN, z: NaN, w: 1}
  - {x: NaN, y: NaN, z: NaN, w: 1}
  - {x: NaN, y: NaN, z: NaN, w: 1}
  - {x: NaN, y: NaN, z: NaN, w: 1}
  - {x: NaN, y: NaN, z: NaN, w: 1}
  - {x: NaN, y: NaN, z: NaN, w: 1}
  - {x: NaN, y: NaN, z: NaN, w: 1}
  - {x: NaN, y: NaN, z: NaN, w: 1}
  - {x: NaN, y: NaN, z: NaN, w: 1}
  - {x: NaN, y: NaN, z: NaN, w: 1}
  - {x: NaN, y: NaN, z: NaN, w: 1}
  - {x: NaN, y: NaN, z: NaN, w: 1}
  - {x: NaN, y: NaN, z: NaN, w: 1}
  - {x: NaN, y: NaN, z: NaN, w: 1}
  - {x: NaN, y: NaN, z: NaN, w: 1}
  - {x: NaN, y: NaN, z: NaN, w: 1}
  m_Colors: []
  m_UnwrapParameters:
    m_HardAngle: 88
    m_PackMargin: 20
    m_AngleError: 8
    m_AreaError: 15
  m_PreserveMeshAssetOnDestroy: 0
  assetGuid: 
  m_IsSelectable: 1
  m_SelectedFaces: 
  m_SelectedEdges: []
  m_SelectedVertices: 
